2462 4278
1007 435 1068 479 ‘Vll

105 544 272 612 aBurerio
292 555 413 628 summ,
427 566 524 634 quem
543 529 703 611 nonnulla
724 544 995 635 praetermisisse,
1010 567 1065 612 ne-
1100 543 1103 552 ’

106 645 199 732 mini,
222 647 283 736 qui
304 646 433 713 codices
456 649 647 733 versaverit,
672 650 792 715 mirum
818 649 996 735 videbitur,
1026 673 1064 714 ex

106 748 179 838 ipso
202 749 343 818 eodiee
332 749 435 816 unico
456 739 636 840 diiigenter
661 752 866 818 emendatam
894 773 968 818 csse
990 774 1065 817 eou-

105 863 182 935 stat,
205 850 240 917 in
260 851 420 918 auxilinm
441 865 590 940 vocetur,
619 865 719 943 atque
746 855 782 920 in
809 855 894 921 loeis
923 877 987 921 nee
1014 877 1065 920 eo·

4 951 11 1000 ⁸*
105 955 190 1022 dieis
206 927 497 1042 Amerbaeiriani,
543 981 608 1023 nee
641 956 795 1022 editionis
830 955 1065 1020 Rhenanianue

104 1083 170 1154 ope
186 1059 399 1127 restituendis
421 1059 463 1125 ad
484 1059 690 1126 coniecturae
711 1057 980 1149 probabilitatem
1010 1059 1064 1124 de·

104 1174 266 1230 curvatur
364 1201 370 1214 ι

47 1267 49 1273 ’
188 1263 286 1329 Hane
305 1264 465 1329 rationem
491 1263 582 1330 iuxta
602 1274 711 1331 tecum
732 1275 905 1330 secuturus
924 1261 1065 1353 primum

105 1389 146 1432 cx
169 1365 324 1433 editionis
348 1367 510 1458 principis
533 1369 725 1458 exemplari,
756 1366 847 1456 quod
874 1391 915 1432 ex
940 1365 1065 1431 Bilitio·
1182 1435 1189 1444 ,

1 1475 47 1538 .’“
104 1467 200 1534 tbcea
220 1461 430 1536 Boenavianu
451 1472 487 1536 in
509 1471 647 1559 Regiam
675 1471 899 1538 Dresdensem
931 1469 1065 1536 nansia·
1196 1495 1201 1500 ·

103 1581 174 1635 tum
197 1571 475 1658 Faiicensteinius,
504 1575 602 1640 liuius
626 1574 847 1640 bibliothecae
864 1573 1064 1664 praefectus,

104 1699 189 1763 quae
210 1675 302 1742 illius
323 1701 401 1766 erga
421 1701 477 1744 me·
495 1676 732 1763 officiosissima
753 1675 905 1744 voluntas·
925 1687 988 1760 es't,
1011 1675 1065 1740 be·
1146 1681 1155 1694 “

103 1777 225 1845 nevole
252 1802 381 1846 meeum
410 1779 682 1867 communicavit,
715 1772 759 1846 de
784 1805 843 1846 sex
870 1778 940 1846 iilis
965 1779 1064 1861 locis,

103 1905 189 1971 qnos
209 1898 325 1949 vanam
347 1884 389 1948 de
410 1885 634 1972 exemplorum
666 1883 885 1974 discrepantia
913 1881 1064 1948 dubitati·

1 2027 5 2038 «
103 2009 200 2051 onem
222 1985 416 2075 praebuisse
437 1985 596 2072 docuisti,
615 1988 695 2052 baec
717 1985 890 2076 excerpsit

190 2087 226 2173 1)
248 2102 324 2176 pag.
349 2087 381 2154 3.
404 2113 438 2156 v.
463 2089 515 2154 11.
545 2100 577 2155 et
598 2089 652 2155 12.
676 2089 749 2162 sive·
773 2089 804 2172 Ι,
835 2087 867 2153 4.
901 2087 1063 2154 Chalcida

103 2191 309 2268 Eretlnjiam.
359 2190 400 2258 In
428 2190 560 2256 Burerii
594 2183 744 2280 exemplo
780 2191 867 2255 idem
897 2189 1063 2255 exstitisse

98 2294 249 2364 videsue.
281 2331 324 2342 -
360 2293 396 2376 2)
426 2317 506 2381 pag.
534 2290 587 2356 30.
618 2291 693 2359 sive
716 2292 766 2377 11,
794 2292 849 2357 42.
876 2293 918 2359 in
957 2315 1061 2381 marg.
1088 2367 1091 2379 ¹

104 2397 195 2466 a'l’s'
211 2397 483 2479 destituerit,
514 2396 582 2460 nisi
604 2395 708 2483 paulo
736 2405 813 2460 urite
841 2395 923 2462 velis
953 2395 1063 2485 tepere

105 2501 375 2567 obtinebant.
416 2499 511 2563 Hanc
543 2496 786 2562 adnotationem
808 2520 829 2562 a
848 2497 979 2564 Burcrii
1009 2521 1061 2562 ex·

104 2602 213 2692 empio
249 2601 399 2668 abfivisse
422 2601 590 2690 suspicor.
614 2639 657 2650 -
686 2597 722 2688 3)
752 2624 831 2690 pag.
859 2601 913 2666 40.
943 2623 978 2668 v.
1007 2599 1063 2666 34.

104 2707 178 2772 sive
195 2704 245 2790 11,
268 2703 320 2770 62.
344 2695 406 2773 nec
427 2705 568 2794 deflere,
609 2705 652 2770 In
678 2705 810 2770 Burerii
842 2706 1062 2793 exemplasse

105 2807 230 2898 deflere
251 2807 433 2894 legebatur.
456 2846 500 2858 -
515 2807 569 2895 4)
589 2828 670 2899 pag.
697 2807 753 2876 45.
777 2833 817 2876 v.
851 2807 885 2874 8.
916 2807 990 2874 sive
1012 2805 1060 2892 ll,

102 2911 162 2979 78..
180 2908 275 2998 {isati
320 2910 360 2975 in
380 2900 510 2976 Burerii
533 2911 684 3001 exemplo
710 2909 800 2999 fuste
827 2906 990 2976 exstabat.
1018 2947 1061 2962 -

103 3009 482 3102 5)pag.68.sive11,
512 3011 586 3076 129.
615 3037 718 3101 marg.
747 3036 781 3079 v.
803 3011 841 3078 9.
860 3013 968 3080 et‘10.
1001 3015 1061 3080 To-

103 3119 187 3182 eitus
220 3118 453 3204 Rescnporim.
488 3151 532 3164 u
566 3113 608 3202 6).
632 3116 669 3182 in
696 3115 829 3182 Buterii
862 3113 1061 3205 Appendice

103 3217 216 3284 critica
236 3237 318 3306 pag.
340 3217 372 3282 1.
394 3240 427 3285 v.
450 3217 487 3282 4.
507 3217 707 3284 mutandum,

93 3328 95 3332 ¹
180 3337 380 3405 'Dresdense
398 3337 503 3426 igitur
520 3335 675 3404 editionis
697 3338 858 3429 principis
880 3336 1059 3428 exemplar,
1128 3379 1133 3390 ·

102 3467 207 3532 quum
224 3467 246 3508 a
257 3442 408 3508 Rhenani
428 3441 642 3507 adnotatione·
659 3442 701 3507 ad
714 3442 761 3526 il,
777 3442 843 3508 42.’
854 3441 1058 3525 discesseris,

103 3569 163 3636 per
184 3546 307 3631 omnia,
327 3556 366 3611 nt
384 3533 513 3613 v‘elleit
531 3555 625 3612 nore
640 3545 807 3636 modoque
825 3543 956 3638 loquar,
984 3569 1059 3614 eon·
