2420 4280
63 397 65 403 ’
135 417 329 501 arsace.
351 417 926 617 nommaueaqnono.
973 397 1033 484 103

80 565 128 618 tes
152 554 285 640 gratias,
316 554 405 642 quod
433 577 471 618 ea
492 551 640 617 Romana
660 552 712 617 ius
741 552 785 617 tia
806 552 934 635 liniret,
959 551 1032 620 leri-

78 649 195 726 tasque
217 663 280 722 spa.
298 637 455 704 suauitate
470 637 865 726 incognitae-disciplinae
885 638 1031 702 mitesce·

78 733 142 806 ret,
171 731 203 787 et
224 723 320 788 solita
342 721 439 786 armis
462 721 595 787 decerni
620 719 691 785 iure
711 722 974 805 terminarentur,
996 721 1031 784 in

77 831 238 872 summam
263 806 444 872 socordiam
471 807 655 894 perduxere
685 806 896 890 Quintilium,
925 827 1031 894 usque

76 913 129 975 eo,
154 903 190 956 ut
212 915 251 955 se
268 901 452 978 praetorem
474 891 634 954 urbanum
666 890 704 953 in
732 891 806 954 foro
835 891 890 954 ius
909 891 1030 970 dicore,

74 999 144 1039 non
170 974 207 1039 in
234 975 351 1039 mediis
379 974 580 1039 Germaniae·
603 973 724 1038 finibus
756 974 917 1038 exercitui·
941 996 1031 1062 prae-

75 1083 156 1123 esse
171 1059 329 1124 erederet.
374 1059 462 1123 Tum
483 1058 617 1126 iuvenis.
634 1081 754 1145 genere
775 1057 913 1140 nobilis,
933 1081 1030 1122 manu

76 1141 188 1224 tortis,
213 1166 313 1206 sensu
343 1142 447 1227 celer,
472 1143 572 1207 ultra.
588 1143 761 1208 barbarum
788 1152 961 1230 promptus
983 1141 1030 1204 in·

75 1225 188 1314 pomo,
211 1226 345 1290 nomine
364 1225 550 1311 Arminius,
571 1226 742 1327 Sipimeri,
771 1225 930 1314 principis
953 1248 1031 1312 gen·

74 1311 119 1376 tis
142 1309 501 1393 eius,„filius,.ardorem
523 1310 623 1376 anima
636 1312 729 1377 vultu
750 1310 923 1398 oculisque
941 1330 1030 1397 prae·

75 1397 207 1477 ferens,
242 1394 400 1460 adsiduus
428 1396 562 1460 militiae
591 1407 730 1464 nostrae
751 1394 872 1483 prioris
907 1390 1029 1478 eomes,

73 1481 147 1544 iure
170 1480 267 1544 etiam
289 1479 429 1544 ciuitatis
461 1479 627 1544 Romanae
649 1481 749 1544 deeras
771 1477 933 1566 equestris
956 1499 1030 1542 con·

74 1587 218 1664 sequens
241 1564 384 1650 gradus,
401 1565 545 1650 segnitia
564 1563 657 1628 ducis
679 1565 714 1627 in
737 1561 944 1628 occasionem
964 1584 1031 1626 soe·

73 1650 157 1713 lens·
179 1672 259 1713 usus
282 1659 352 1730 est,
385 1648 472 1712 baud
492 1648 713 1736 imprudenter
734 1647 943 1748 speculatus,
976 1669 1031 1710 ne·

68 1733 200 1798 minem·
218 1731 357 1796 celerius
381 1733 542 1822 opprimi,
572 1756 671 1822 quam
699 1755 761 1819 qur·
784 1729 868 1796 nibil
890 1731 1030 1814 timeret,

74 1829 109 1882 et
130 1814 432 1904 frequentissimum
453 1816 585 1882 initium
604 1839 677 1882 esse
699 1813 895 1882 calamitatis
912 1813 1031 1880 securi-

73 1912 185 1966 tatem.
231 1900 352 1964 ¹Primo
379 1900 481 1988 igitur
506 1911 648 1990 paucos,
678 1923 755 1966 asoa
782 1901 895 1989 plures
924 1900 963 1963 in·
982 1915 1032 1964 so·-

74 1986 225 2049 cietatem
247 1984 376 2050 consilii
396 1985 536 2074 recipit:
563 1985 706 2075 opprimi
728 2005 827 2074 posse
850 1983 1031 2066 Romanos,

69 2079 115 2132 et
131 2068 230 2151 dicit,
247 2080 280 2132 et
301 2071 499 2156 persuadet,
528 2071 668 2137 decretis
691 2071 775 2133 facta
797 2068 931 2154 iungit?
953 2079 1031 2132 tem·
1134 2111 1137 2122 ι

74 2175 143 2244 pus
169 2152 366 2216 insidiarum
392 2153 581 2222 constituit..
634 2153 678 2215 ld
708 2153 799 2216 Varo
833 2176 899 2238 per·
926 2152 1032 2216 virum

75 2237 158 2300 eius
177 2235 289 2324 pontis
317 2236 448 2300 fidelem
483 2235 627 2324 clarique
660 2234 824 2317 nominis,
858 2235 1031 2320 Segesten,

75 2320 250 2385 indicatur.
296 2319 487 2386 obstabant
508 2321 573 2384 iam
604 2321 669 2384 fata
699 2319 1032 2404 consiliis·,.·omnem·

66 2429 141 2494 quo
177 2403 282 2468 aubni
314 2405 385 2468 eius
422 2404 524 2469 aciem
552 2404 845 2493 praestrinxeraut.
897 2402 1033 2490 Quippe

75 2490 121 2553 ita
143 2511 179 2554 se
198 2512 250 2553 ros
272 2488 395 2572 babet,
422 2499 460 2554 nt
485 2489 683 2577 plerumque
710 2489 873 2552 fortunam
895 2498 1033 2563 mutatu·

74 2597 131 2638 rus
154 2574 234 2638 (leus
257 2573 395 2642 consilia
417 2584 616 2661 corrumpat,
647 2571 841 2662 efficiatque,
865 2571 958 2660 quod:
976 2571 1033 2636 mi·

77 2656 248 2743 seprimum
270 2667 340 2740 est,
371 2667 427 2742 ut,
448 2658 542 2748 quod*
560 2657 678 2722 accidit
684 2705 697 2738 ,
726 2656 765 2720 id.
790 2657 887 2720 etiam
917 2657 1034 2721 merito

76 2739 249 2806 accidisse
265 2740 432 2827 uideatur,
464 2754 497 2806 ot
529 2766 624 2808 casus
655 2740 690 2805 in
719 2741 850 2831 eulpam
877 2750 1031 2807 transeat.

75 2824 185 2910 Nepet
206 2825 316 2913 itaque
339 2849 374 2890 se
398 2827 552 2912 eredere,
578 2849 736 2915 spemque
764 2825 799 2890 in
831 2849 866 2890 se
893 2825 1033 2889 benevo-

75 2907 203 2974 lentiae*
225 2931 266 2972 ex
295 2908 410 2972 merito
441 2910 612 2976 aestimare
645 2910 833 2998 profitetur„
871 2909 943 2974 Nee
962 2909 1033 2973 diu·

76 2993 144 3058 tius
198 3001 250 3054 ost
276 2993 418 3079 primum
439 2992 582 3058 indicam
605 2994 755 3058 secundo:
770 2993 905 3058 relictus
926 2993 1032 3057 locus.

174 3121 176 3130 ι
226 3075 288 3140 ΙΧ.
314 3074 476 3140 Ordinem
494 3077 716 3141 atrocissimae
740 3075 946 3158 calamitatis,
969 3101 1034 3165 qua

76 3158 169 3224 nulla
188 3171 267 3247 post
295 3159 407 3224 Crassi
427 3159 463 3223 in
484 3160 618 3225 Parthis
646 3161 802 3224 damnum·
827 3160 866 3224 in
892 3161 1034 3226 externis
1079 3211 1082 3216 -

76 3243 227 3332 pentibus
251 3243 382 3330 premor
401 3243 560 3308 Romanis
583 3245 664 3327 fuit,
680 3243 781 3310 iustis
799 3245 1033 3328 voluminibus,

77 3339 112 3392 ut
133 3327 206 3408 alii,
226 3327 272 3392 ita
292 3353 354 3403 nos
378 3329 568 3394 conabimur
588 3353 770 3417 exponeres
801 3351 894 3393 nunc·
911 3353 1037 3394 summa

75 3411 231 3476 dellenda·
249 3424 314 3477 est.
347 3412 520 3492 Exercitus
535 3415 686 3480 omnium
710 3412 922 3496 fortissimus,
940 3414 1034 3478 disci·
1062 3427 1069 3439 “

78 3496 180 3586 plina,
202 3521 320 3581 manu„
341 3497 607 3587 experientiaque
629 3499 790 3563 bellorum
811 3497 897 3562 inter
918 3497 1035 3562 Roma·

78 3605 138 3646 nos
160 3580 280 3646 milites
302 3582 456 3671 prinecps
466 3629 478 3666 ,1
507 3607 651 3651 marceat
674 3583 795 3667 ducis,
821 3581 958 3670 pedidia
980 3583 1034 3646 bo·
