2448 4288
131 2717 160 2732 '⁴
233 2708 340 2796 prima
370 2705 546 2772 constituta
572 2708 689 2788 luerat,
726 2705 833 2770 Romu

230 391 255 460 d
468 387 658 468 vuuuuu
681 386 951 455 causacum

232 523 356 592 'l'n'scis
378 521 555 601 conditam,
583 544 622 586 ae
644 520 785 584 subinde
809 496 949 585 Nolana
981 519 1130 587 stetisse
1153 545 1211 586 au·

232 621 301 676 tem
323 607 482 694 Capuam,
512 615 687 693 antequam
707 629 727 668 a
749 604 909 669 Romanis
935 616 1135 693 caperetur,
1152 629 1209 670 an·

231 695 286 760 nis
314 691 445 757 circiter
466 689 630 753 ducentis.
648 688 828 775 sexaginta.
874 688 976 772 Quod
999 691 1030 753 si
1055 691 1111 756 ita
1142 703 1207 773 est,

233 799 308 844 eum
332 775 430 838 sinta
449 772 563 861 Capua
584 784 679 872 capta
702 772 781 836 anui
800 772 936 838 ducenti
955 774 1205 862 quadraginta:

233 871 272 926 ut
292 857 435 934 ,condita
467 869 538 940 est,
567 881 645 919 auur
665 867 744 920 sunt
770 856 840 920 lere
872 856 1059 945 quingenti.
1114 859 1204 958 Ego,

232 966 314 1033 paee
340 941 528 1030 diligentiae
551 929 686 1012 Catonis
714 939 866 1024 dixerim,
895 943 951 1008 vix
980 941 1203 1026 credideram,

232 1040 299 1094 tam
320 1040 444 1092 mamre
462 1035 584 1091 tautam
612 1023 726 1090 urbem
747 1024 904 1112 crevisse,
924 1025 1097 1110 floruisse,
1125 1051 1203 1094 eou-

235 1112 371 1191 cidisse,
394 1110 627 1176 resurrexisse.

316 1196 415 1262 Vlll.
444 1193 671 1260 Clarissimum
704 1192 823 1258 deiude
852 1191 997 1256 omnium
1026 1191 1202 1259 ludicrum

234 1289 411 1358 certamen,
426 1289 459 1342 et
482 1279 523 1342 ad
546 1279 751 1343 excitandam
773 1278 920 1365 eorporis
941 1276 1117 1366 animique
1140 1281 1201 1344 vir

233 1374 336 1428 tutem
358 1361 629 1440 efficacissimum,
652 1361 882 1450 Olympiorum
904 1360 1035 1426 initium
1063 1363 1199 1446 babuit,

233 1457 400 1511 auctorem
429 1445 573 1532 lphitum
601 1446 724 1511 Elium.
782 1445 817 1508 ls
844 1468 901 1510 ces
937 1445 1033 1509 ludos
1071 1471 1198 1513 mercn-

231 1524 368 1618 'tumque
387 1530 532 1595 instituit
545 1541 619 1600 aute
631 1553 855 1618 auuos,quam
868 1541 916 1610 tu,
928 1528 1112 1614 M.Viniei‚
1123 1557 1199 1598 cou-

234 1616 375 1680 sulatum
396 1614 510 1696 inires,
535 1613 742 1702 octingentos
763 1625 842 1678 tres.
881 1613 961 1680 Iloc
987 1638 1124 1680 sacrum
1148 1641 1198 1681 eo·

235 1701 309 1766 dem
335 1700 409 1764 loco
441 1699 625 1763 instituisse
664 1701 767 1762 sertui·
794 1697 912 1763 abhinc
948 1722 1052 1763 anuos
1089 1701 1197 1765 fer-mc

211 1784 323 1866 ‚mille
347 1783 505 1847 ducentos
539 1779 777 1870 quinquaginta
803 1784 939 1864 Atreus,
967 1805 1041 1846 eum
1071 1783 1196 1874 Pelopi

257 1866 319 1931 atri
343 1867 496 1931 lunehres
520 1867 618 1931 ludos
643 1868 782 1931 faceret.
821 1865 910 1949 Quo
930 1867 1064 1953 quidem
1085 1868 1126 1933 in
1150 1870 1194 1934 lu·

145 1960 151 1969 '
233 1891 327 2015 diere
351 1951 461 2014 omnis
491 1950 621 2036 generis
658 1947 1058 2036 certaminum'llerculcs
1086 1953 1194 2020 victor

234 2032 372 2098 exstitit.
405 2033 526 2110 ,Tum-
541 2035 683 2102 Athenis
718 2033 870 2122 perpetui
907 2036 1079 2105 archontes
1119 2057 1191 2104 esse

234 2116 414 2206 desierunt,
442 2141 516 2184 cum
538 2117 657 2184 luisset
684 2117 819 2184 ultimus
843 2119 1038 2203 Alcmaeon,
1073 2143 1191 2210 coepe·

233 2213 376 2291 rqutque
399 2203 433 2268 iu
460 2203 562 2268 denos
592 2227 694 2268 annos
727 2202 840 2268 creari.
893 2202 988 2286 Quae
1016 2219 1190 2272 cousuetu-

235 2285 277 2352 do
297 2287 331 2352 iu
353 2310 456 2352 anuos
480 2286 686 2376 septuaginta
709 2287 847 2352 mausit=
869 2310 906 2352 ae
926 2287 1045 2353 deiude
1069 2291 1188 2356 annuis

235 2370 408 2442 commissa
433 2381 484 2436 est
507 2371 751 2460 magistratibus
780 2394 834 2435 res
863 2371 1007 2457 publiea.
1051 2371 1103 2436 Ex
1132 2373 1187 2458 iis,

235 2455 294 2544 qui
313 2455 407 2520 denis
425 2455 520 2520 anuis
542 2457 767 2544 praefuerunt,
787 2455 915 2541 primus
944 2455 1007 2519 luit
1024 2454 1185 2546 Charops,

213 2538 371 2604 ,ultimus
391 2539 552 2626 Eryuias3
582 2563 624 2602 ex
647 2537 764 2602 annuis
792 2538 919 2626 primus
944 2538 1063 2605 Creon.
1107 2541 1185 2607 Sex·

134 2699 142 2716 ⁸
234 2615 278 2689 tas
293 2621 499 2711 Olympiade,
527 2634 605 2711 post
632 2621 715 2687 duos
743 2633 776 2687 ct
803 2622 922 2771 viginti
951 2648 1067 2708 anuos,
1083 2647 1184 2773 ¹guare

849 2729 900 2788 us,
934 2706 1050 2771 Martis
1119 2709 1182 2790 ius,

236 2791 325 2855 ultus
350 2789 486 2855 iniurias
511 2789 575 2873 avi,
593 2791 732 2855 Romam
749 2790 862 2855 urbc'm
884 2790 1049 2856 Parilibus
1073 2791 1107 2856 iu
1123 2793 1181 2857 Pa-

234 2873 315 2940 latio
346 2873 512 2955 condidit,
551 2898 570 2938 a
598 2897 665 2962 quo
696 2884 842 2974 ternpore
865 2873 917 2939 'ad
945 2899 1003 2940 vos
1035 2879 1180 2942 eonsules

235 2958 313 3024 anui
336 2969 414 3023 suut
436 2956 638 3046 septingenti
669 2968 835 3044 octoginta
864 2981 962 3024 unus.
1012 2959 1054 3024 ld
1079 2972 1180 3026 actum

235 3054 313 3132 post
340 3041 474 3140 Trpiam
502 3054 630 3130 captam
661 3041 755 3109 anuis
776 3039 1030 3130 ‘quadringentis
1051 3043 1179 3130 triginta

236 3137 373 3216 septem.
425 3126 466 3191 Id
495 3129 600 3214 gessit
620 3127 804 3209 Romulus,
835 3127 967 3192 adiutus
997 3127 1178 3215 legionibus

235 3210 363 3277 Latinis
386 3211 439 3276 avi
468 3212 531 3312 spi.
574 3212 732 3277 Libenter
758 3211 845 3276 euim
868 3210 923 3294 iis,
958 3211 1086 3302 quiite
1106 3236 1177 3360 pro·

236 3293 407 3376 didcruut,
438 3297 651 3378 accesserim,
680 3319 753 3361 cum
787 3294 883 3360 aliter
913 3296 1042 3360 firmare
1058 3309 1108 3360 'ur
1128 3321 1176 3362 em

234 3399 365 3460 novam,
393 3390 459 3444 tam
484 3380 602 3447 vicinis
628 3377 825 3448 Veientibus
860 3379 999 3469 aliisque
1035 3379 1174 3447 Etmscis

235 3483 273 3528 ac
291 3459 436 3546 Sabinis,
452 3487 527 3531 cum
549 3462 676 3530 imbelli
696 3473 730 3529 ct
753 3465 911 3551 pastorali
936 3489 1034 3529 mauu
1051 3463 1101 3530 vix
1121 3488 1174 3553 po·

236 3546 353 3633 tuerit,
384 3571 581 3638 qrramquam
612 3571 702 3633 cam,
738 3549 829 3636 asylo
859 3548 944 3614 lacto
981 3548 1067 3613 iuter
1096 3550 1172 3616 duos
