2420 4280
180 367 241 436 roo
429 347 620 434 venenu
645 361 917 430 rauranum

105 545 109 554 ·
180 501 357 570 absurdum
386 509 473 582 erat,
500 471 668 596 annesae
702 495 764 562 sub
793 496 872 579 illo,
905 519 993 644 qnae
1018 495 1065 560 ali
1087 495 1143 559 illo

182 587 446 656 vindieabantur·
478 592 510 649 et
541 605 600 668 qua
631 579 672 644 ad
701 605 798 668 opem
811 582 908 648 ,feren
934 605 987 644 am
1012 603 1143 669 primns

181 685 274 755 orat,
305 670 346 734 ad
372 629 605 734 vindicandum
632 665 789 730 honorem
815 689 881 729 non
911 664 1062 729 iudienri
1093 689 1144 752 pa

181 756 330 839 remz)in
352 752 464 816 urbem
486 773 648 834 reuersus,
668 749 733 814 iam
755 749 883 836 pridem
903 749 1072 832 debitum,
1090 748 1144 812 sed

181 837 425 908 eontmuatione
443 835 605 900 bellorum
627 832 775 916 dilatum,
799 857 841 897 ex
860 833 1050 909 Pannoniis
1066 832 1145 898 Del·

182 923 342 1009 matisque
369 920 439 1006 cpit
465 919 679 1005 triumphum.
727 917 831 981 Cuius
861 916 1145 1004 magnificentiam

183 1008 257 1096 quis
280 1006 415 1070 miretur
436 999 653 1069 in-Caesaret
685 1001 850 1069 Fortunae
870 1025 948 1066 vero
971 1002 1054 1088 quis
1078 1025 1145 1069 non

182 1093 316 1160 miretur
344 1087 603 1176 indulgentiam?
632 1085 755 1173 quippe
785 1109 896 1150 omnes
919 1084 1145 1148 eminentissi-

182 1201 252 1242 mos
280 1174 422 1238 hostiurn
451 1173 573 1252 duces,
609 1193 676 1234 non
711 1169 839 1234 occisos
869 1170 953 1232 fama
980 1168 1144 1250 narrarit,

183 1262 241 1326 sed
262 1260 389 1324 vinctos
420 1257 604 1343 triumphus
628 1253 784 1351 ostendIt.
829 1254 937 1352 Quem
966 1253 1052 1316 milri
1085 1254 1145 1316 sra-
1188 1297 1189 1300 η

183 1343 290 1428 trique
316 1363 389 1402 mco
415 1338 501 1402 inter
534 1360 729 1424 praecipuos
758 1339 1014 1426 praecipuasque
1043 1336 1146 1401 donis

183 1427 355 1492 adornatos
377 1422 464 1486 viros
487 1420 634 1486 comitari
655 1421 811 1507 contigit.

268 1506 524 1591 CXXII.'Quis
545 1530 611 1570 non
634 1505 719 1570 iuter
744 1507 897 1592 reliqua,
920 1504 1050 1592 quibus·
1080 1504 1145 1568 sin·

185 1592 307 1680 galaeis
335 1591 515 1656 moderatio
544 1590 601 1654 Ti.
624 1588 773 1671 Caesaris
805 1590 913 1656 eIneet
940 1598 1044 1676 atque
1066 1589 1145 1654 emi·

184 1687 252 1759 net,
273 1677 336 1740 hee
358 1699 489 1763 quoque
513 1675 660 1756 miretur,
680 1673 782 1761 qnod,
803 1697 878 1739 cum
899 1670 976 1736 sine
993 1673 1062 1738 ulla
1090 1674 1146 1737 dn-

184 1760 341 1826 bitatione
364 1773 488 1860 septem
518 1759 699 1844 triumphos
728 1758 902 1838 meruerit,
928 1757 1036 1821 tribus
1067 1782 1145 1821 con·

186 1855 293 1909 tentus
326 1843 446 1906 suerrt‘i
497 1842 582 1922 Quis
612 1842 699 1904 enim
728 1841 1037 1940 dubitarepotest,
1061 1842 1143 1928 qnia
1189 1897 1190 1904 ,

76 1947 83 1969 ··
185 1952 225 1992 ex
247 1924 406 2022 Armenia·
424 1934 579 2021 tempta,
610 1935 644 2022 et
672 1948 712 1987 ex
738 1949 817 2010 rege
846 1927 909 2009 [er]
927 1925 1142 2024 praeposito,

184 2010 278 2074 euius
300 2009 401 2094 oapitr
423 2008 553 2092 insigne
575 2031 703 2092 regrum
727 2031 786 2071 sua
810 2033 906 2072 aranu
926 2021 1143 2096 imposuerat,

185 2091 409 2179 ordinatisque
430 2090 528 2155 rebus
552 2090 719 2174 Orientis,
743 2114 843 2157 ovans
866 2092 1067 2192 triumphare
1091 2094 1143 2158 de

185 2173 380 2261 inmitior,
402 2175 652 2242 Vindelicorum
673 2175 917 2263 Raetorumque
938 2187 1056 2259 rector,
1071 2201 1142 2242 eur·
1190 2183 1191 2240 t

186 2289 224 2328 ru
247 2261 359 2326 urbem
380 2259 536 2348 ingredi?
558 2259 671 2324 fractis
686 2259 811 2324 deinde
832 2261 1140 2348 postadaptioncm

187 2346 341 2412 continua
367 2343 501 2410 triennii
527 2343 644 2408 militia·
672 2343 865 2410 Germaniae
893 2344 1031 2426 viribus,
1055 2345 1140 2408 idem

188 2431 238 2496 iIIi
258 2433 364 2498 honor
391 2440 425 2493 et
452 2428 648 2492 deferendus
675 2438 709 2494 et
730 2426 938 2514 reeipiendus
960 2427 1088 2494 suerit?
1110 2440 1143 2492 ct

121 2557 128 2572 ,
188 2525 265 2603 post
283 2513 408 2578 cladem
430 2512 605 2576 sulr'Varo
623 2522 798 2600 acceptam,
820 2511 940 2576 totiens
963 2513 1140 2599 prosperri-

189 2622 242 2663 mo
270 2620 378 2662 rerum
406 2606 524 2662 eventu
553 2594 665 2658 eadem
693 2595 802 2662 exei'sa
831 2594 1006 2660 Germania
1030 2595 1140 2659 trium·

212 2685 290 2747 hum
321 2679 440 2744 summi
472 2679 566 2745 ducis
596 2678 752 2745 adornare
788 2678 961 2743 debuerit?
1013 2679 1081 2743 Sed
1106 2680 1138 2743 in

189 2707 251 2833 iioc
273 2764 343 2830 viro
365 2763 505 2845 nesciae,
528 2776 636 2828 utrum
656 2763 761 2849 magis
782 2762 922 2846 mnerIs,
943 2762 1034 2849 qnod
1053 2763 1140 2828 Iaba-

190 2871 263 2910 rum
284 2845 571 2932 periculorumque
595 2869 729 2934 semper
750 2847 892 2914 excessit
911 2847 1058 2932 modurn,
1085 2873 1138 2932 an,

191 2930 280 3018 quod
300 2931 459 2993 honorum
480 2929 684 3015 temperavit.

275 3012 439 3077 CXXIII.
456 3012 599 3080 Venitur
620 3014 661 3079 ad
683 3025 824 3102 tempus,
841 3013 876 3078 in
898 3037 964 3101 quo
986 3013 1052 3080 fuit
1072 3015 1139 3102 plu·

190 3098 309 3163 nimum
339 3107 458 3162 anctrrs.
508 3097 645 3188 Quippe
680 3098 800 3164 Caesar
833 3097 1031 3185 Augustus,
1069 3125 1138 3174 eum

191 3182 443 3264 Germanicum,
470 3193 625 3282 nepotem
647 3206 761 3264 snum,
789 3183 918 3281 reliqua
938 3181 1019 3246 belli
1039 3193 1140 3270 patra·

190 3277 320 3350 turum,
347 3263 492 3329 misisset
518 3289 553 3328 m
576 3263 800 3348 Germaniam,
831 3265 1005 3330 Tiberium
1034 3278 1138 3348 autem

189 3348 293 3414 filium
321 3349 481 3413 missurus
509 3359 600 3413 esset
634 3349 669 3414 in
693 3348 882 3434 Illyricum,
917 3350 967 3414 ad'
987 3349 1139 3414 firmanda

192 3457 282 3522 paee,
308 3456 391 3520 qnae
412 3431 499 3510 hello
521 3433 714 3520 subegerata
740 3455 944 3520 prosequens
964 3457 1051 3516 enm,
1070 3435 1138 3520 [ab]

191 3541 255 3605 qne
278 3517 376 3582 simul
399 3516 612 3610 interfuturus
640 3517 832 3582 athletarum
864 3516 1033 3596 certamini
1060 3518 1138 3584 Indi·
