<?xml version="1.0" encoding="UTF-8"?>
<!DOCTYPE html PUBLIC "-//W3C//DTD XHTML 1.0 Transitional//EN"
    "http://www.w3.org/TR/xhtml1/DTD/xhtml1-transitional.dtd">
<html xmlns="http://www.w3.org/1999/xhtml" xml:lang="en" lang="en">
 <head>
  <title>
</title>
<meta http-equiv="Content-Type" content="text/html;charset=utf-8" />
  <meta name='ocr-system' content='tesseract 3.04.00' />
  <meta name='ocr-capabilities' content='ocr_page ocr_carea ocr_par ocr_line ocrx_word'/>
</head>
<body>
  <div class='ocr_page' id='page_1' title='image "./cvelleiipatercu00kreygoog_0197.png"; bbox 0 0 2420 4280; ppageno 0'>
   <div class='ocr_carea' id='block_1_1' title="bbox 187 351 1076 500">
    <p class='ocr_par' dir='ltr' id='par_1_1' title="bbox 187 351 1076 500">
     <span class='ocr_line' id='line_1_1' title="bbox 187 351 1076 500; baseline -0.006 -28"><span class='ocrx_word' id='word_1_1' title='bbox 187 405 248 472; x_wconf 83' lang='lat' dir='ltr'><strong>us</strong></span> <span class='ocrx_word' id='word_1_2' title='bbox 395 351 695 470; x_wconf 68' lang='lat' dir='ltr'><strong>stantunus</strong></span> <span class='ocrx_word' id='word_1_3' title='bbox 717 401 1010 500; x_wconf 78' lang='lat' dir='ltr'><strong>otvnasnas</strong></span> <span class='ocrx_word' id='word_1_4' title='bbox 1062 489 1076 494; x_wconf 37' lang='grc'><strong>,</strong></span> 
     </span>
    </p>
   </div>
   <div class='ocr_carea' id='block_1_2' title="bbox 98 538 1152 2050">
    <p class='ocr_par' dir='ltr' id='par_1_2' title="bbox 98 538 1152 2050">
     <span class='ocr_line' id='line_1_2' title="bbox 186 538 1148 608; baseline -0.005 -12"><span class='ocrx_word' id='word_1_5' title='bbox 186 542 332 598; x_wconf 79' lang='lat' dir='ltr'><strong>abeodem</strong></span> <span class='ocrx_word' id='word_1_6' title='bbox 350 542 437 608; x_wconf 80' lang='lat' dir='ltr'><strong>iacta]</strong></span> <span class='ocrx_word' id='word_1_7' title='bbox 455 543 498 592; x_wconf 86' lang='lat' dir='ltr'><strong>As</strong></span> <span class='ocrx_word' id='word_1_8' title='bbox 515 541 602 592; x_wconf 77' lang='lat' dir='ltr'><strong>eodem</strong></span> <span class='ocrx_word' id='word_1_9' title='bbox 611 539 701 608; x_wconf 79' lang='lat' dir='ltr'><strong>faetta.</strong></span> <span class='ocrx_word' id='word_1_10' title='bbox 712 561 757 580; x_wconf 50' lang='lat'><strong>1·-</strong></span> <span class='ocrx_word' id='word_1_11' title='bbox 773 539 879 603; x_wconf 84' lang='lat' dir='ltr'><strong>Volso]</strong></span> <span class='ocrx_word' id='word_1_12' title='bbox 899 538 1002 592; x_wconf 81' lang='lat' dir='ltr'><strong>Vulso.</strong></span> <span class='ocrx_word' id='word_1_13' title='bbox 1020 564 1061 577; x_wconf 92' lang='lat'><strong>—</strong></span> <span class='ocrx_word' id='word_1_14' title='bbox 1085 539 1148 591; x_wconf 81' lang='lat' dir='ltr'><strong>llas·</strong></span> 
     </span>
     <span class='ocr_line' id='line_1_3' title="bbox 185 607 1149 680; baseline -0.005 -16"><span class='ocrx_word' id='word_1_15' title='bbox 185 617 267 678; x_wconf 89' lang='lat' dir='ltr'><strong>tiam]</strong></span> <span class='ocrx_word' id='word_1_16' title='bbox 285 615 414 666; x_wconf 78' lang='lat' dir='ltr'><strong>Rbetiam.</strong></span> <span class='ocrx_word' id='word_1_17' title='bbox 435 637 464 648; x_wconf 90' lang='lat'><strong>-</strong></span> <span class='ocrx_word' id='word_1_18' title='bbox 501 607 631 680; x_wconf 47' lang='lat' dir='ltr'><strong>Gaps‘iO.</strong></span> <span class='ocrx_word' id='word_1_19' title='bbox 655 609 777 672; x_wconf 77' lang='lat' dir='ltr'><strong>Albania,</strong></span> <span class='ocrx_word' id='word_1_20' title='bbox 801 607 925 672; x_wconf 77' lang='lat' dir='ltr'><strong>lliberia3</strong></span> <span class='ocrx_word' id='word_1_21' title='bbox 950 607 1079 674; x_wconf 81' lang='lat' dir='ltr'><strong>deinde]</strong></span> <span class='ocrx_word' id='word_1_22' title='bbox 1103 610 1149 659; x_wconf 80' lang='lat' dir='ltr'><strong>At-</strong></span> 
     </span>
     <span class='ocr_line' id='line_1_4' title="bbox 186 677 1149 750; baseline -0.009 -17"><span class='ocrx_word' id='word_1_23' title='bbox 186 685 254 750; x_wconf 76' lang='lat' dir='ltr'><strong>heni,</strong></span> <span class='ocrx_word' id='word_1_24' title='bbox 277 684 389 742; x_wconf 43' lang='lat' dir='ltr'><strong>Hiber&amp;</strong></span> <span class='ocrx_word' id='word_1_25' title='bbox 412 699 443 730; x_wconf 87' lang='lat' dir='ltr'><strong>ue</strong></span> <span class='ocrx_word' id='word_1_26' title='bbox 466 681 566 731; x_wconf 80' lang='lat' dir='ltr'><strong>deinde.</strong></span> <span class='ocrx_word' id='word_1_27' title='bbox 590 703 625 718; x_wconf 86' lang='lat'><strong>·-</strong></span> <span class='ocrx_word' id='word_1_28' title='bbox 647 677 800 741; x_wconf 78' lang='lat' dir='ltr'><strong>Brundisii]</strong></span> <span class='ocrx_word' id='word_1_29' title='bbox 822 679 985 728; x_wconf 72' lang='lat' dir='ltr'><strong><em>Brundusii.</em></strong></span> <span class='ocrx_word' id='word_1_30' title='bbox 1002 700 1052 714; x_wconf 81' lang='lat'><strong>...</strong></span> <span class='ocrx_word' id='word_1_31' title='bbox 1080 697 1149 748; x_wconf 78' lang='lat' dir='ltr'><strong>quem</strong></span> 
     </span>
     <span class='ocr_line' id='line_1_5' title="bbox 186 744 1149 822; baseline -0.006 -20"><span class='ocrx_word' id='word_1_32' title='bbox 186 767 290 822; x_wconf 86' lang='lat' dir='ltr'><strong>semper</strong></span> <span class='ocrx_word' id='word_1_33' title='bbox 306 749 382 800; x_wconf 85' lang='lat' dir='ltr'><strong>illum</strong></span> <span class='ocrx_word' id='word_1_34' title='bbox 400 751 493 800; x_wconf 83' lang='lat' dir='ltr'><strong>sectari</strong></span> <span class='ocrx_word' id='word_1_35' title='bbox 513 750 593 800; x_wconf 83' lang='lat' dir='ltr'><strong>moris</strong></span> <span class='ocrx_word' id='word_1_36' title='bbox 610 745 678 810; x_wconf 75' lang='lat' dir='ltr'><strong>fuit]</strong></span> <span class='ocrx_word' id='word_1_37' title='bbox 697 763 771 812; x_wconf 84' lang='lat' dir='ltr'><strong>quern</strong></span> <span class='ocrx_word' id='word_1_38' title='bbox 788 763 886 811; x_wconf 84' lang='lat' dir='ltr'><strong>semper</strong></span> <span class='ocrx_word' id='word_1_39' title='bbox 903 744 953 794; x_wconf 80' lang='lat' dir='ltr'><strong>itta</strong></span> <span class='ocrx_word' id='word_1_40' title='bbox 969 745 1078 813; x_wconf 81' lang='lat' dir='ltr'><strong>fetare</strong></span> <span class='ocrx_word' id='word_1_41' title='bbox 1101 767 1149 796; x_wconf 83' lang='lat' dir='ltr'><strong>tuo·</strong></span> 
     </span>
     <span class='ocr_line' id='line_1_6' title="bbox 186 814 1150 889; baseline -0.004 -20"><span class='ocrx_word' id='word_1_42' title='bbox 186 823 223 869; x_wconf 83' lang='lat' dir='ltr'><strong>ris</strong></span> <span class='ocrx_word' id='word_1_43' title='bbox 238 819 311 889; x_wconf 73' lang='lat' dir='ltr'><strong>sitit.</strong></span> <span class='ocrx_word' id='word_1_44' title='bbox 331 841 365 856; x_wconf 87' lang='grc'><strong>-</strong></span> <span class='ocrx_word' id='word_1_45' title='bbox 383 822 509 868; x_wconf 79' lang='lat' dir='ltr'><strong>maiorem</strong></span> <span class='ocrx_word' id='word_1_46' title='bbox 527 819 599 866; x_wconf 82' lang='lat' dir='ltr'><strong>omni</strong></span> <span class='ocrx_word' id='word_1_47' title='bbox 612 827 676 870; x_wconf 75' lang='lat' dir='ltr'><strong>ante</strong></span> <span class='ocrx_word' id='word_1_48' title='bbox 695 832 723 866; x_wconf 80' lang='lat' dir='ltr'><strong>se</strong></span> <span class='ocrx_word' id='word_1_49' title='bbox 745 814 816 864; x_wconf 79' lang='lat' dir='ltr'><strong>illata</strong></span> <span class='ocrx_word' id='word_1_50' title='bbox 840 814 1009 884; x_wconf 82' lang='lat' dir='ltr'><strong>pecuniam]</strong></span> <span class='ocrx_word' id='word_1_51' title='bbox 1035 818 1150 865; x_wconf 76' lang='lat' dir='ltr'><strong>maiorem</strong></span> 
     </span>
     <span class='ocr_line' id='line_1_7' title="bbox 186 883 1150 954; baseline -0.003 -18"><span class='ocrx_word' id='word_1_52' title='bbox 186 890 254 936; x_wconf 85' lang='lat' dir='ltr'><strong>omni</strong></span> <span class='ocrx_word' id='word_1_53' title='bbox 275 898 334 936; x_wconf 85' lang='lat' dir='ltr'><strong>onte</strong></span> <span class='ocrx_word' id='word_1_54' title='bbox 357 903 385 936; x_wconf 89' lang='lat' dir='ltr'><strong>se</strong></span> <span class='ocrx_word' id='word_1_55' title='bbox 407 887 491 937; x_wconf 83' lang='lat' dir='ltr'><strong>inluta</strong></span> <span class='ocrx_word' id='word_1_56' title='bbox 510 887 628 954; x_wconf 71' lang='lat' dir='ltr'><strong>persenia.</strong></span> <span class='ocrx_word' id='word_1_57' title='bbox 651 909 686 921; x_wconf 93' lang='grc'><strong>·-</strong></span> <span class='ocrx_word' id='word_1_58' title='bbox 708 884 760 934; x_wconf 77' lang='lat' dir='ltr'><strong>*ln</strong></span> <span class='ocrx_word' id='word_1_59' title='bbox 784 883 932 946; x_wconf 75' lang='lat' dir='ltr'><strong>aetatium]</strong></span> <span class='ocrx_word' id='word_1_60' title='bbox 958 883 991 931; x_wconf 87' lang='lat' dir='ltr'><strong>in</strong></span> <span class='ocrx_word' id='word_1_61' title='bbox 1015 887 1150 948; x_wconf 68' lang='lat' dir='ltr'><strong>mariun,</strong></span> 
     </span>
     <span class='ocr_line' id='line_1_8' title="bbox 184 945 1150 1022; baseline -0.004 -17"><span class='ocrx_word' id='word_1_62' title='bbox 184 967 361 1022; x_wconf 78' lang='lat' dir='ltr'><strong>praeterquam</strong></span> <span class='ocrx_word' id='word_1_63' title='bbox 379 973 396 1005; x_wconf 81' lang='lat' dir='ltr'><strong>a</strong></span> <span class='ocrx_word' id='word_1_64' title='bbox 412 955 505 1006; x_wconf 73' lang='lat' dir='ltr'><strong>Paulo:</strong></span> <span class='ocrx_word' id='word_1_65' title='bbox 533 979 568 994; x_wconf 90' lang='lat'><strong>-·</strong></span> <span class='ocrx_word' id='word_1_66' title='bbox 590 951 721 1016; x_wconf 81' lang='lat' dir='ltr'><strong>tandem]</strong></span> <span class='ocrx_word' id='word_1_67' title='bbox 744 963 837 1004; x_wconf 80' lang='lat' dir='ltr'><strong>tamen.</strong></span> <span class='ocrx_word' id='word_1_68' title='bbox 860 979 896 991; x_wconf 89' lang='lat'>-</span> <span class='ocrx_word' id='word_1_69' title='bbox 932 945 1005 1020; x_wconf 79' lang='lat' dir='ltr'><strong>Cep.</strong></span> <span class='ocrx_word' id='word_1_70' title='bbox 1028 949 1081 1006; x_wconf 82' lang='lat'><strong>41.</strong></span> <span class='ocrx_word' id='word_1_71' title='bbox 1104 952 1150 1006; x_wconf 72' lang='lat' dir='ltr'><strong>*et</strong></span> 
     </span>
     <span class='ocr_line' id='line_1_9' title="bbox 186 1021 1151 1095; baseline -0.004 -21"><span class='ocrx_word' id='word_1_72' title='bbox 186 1023 258 1095; x_wconf 89' lang='lat' dir='ltr'><strong>quod</strong></span> <span class='ocrx_word' id='word_1_73' title='bbox 275 1027 343 1076; x_wconf 83' lang='lat' dir='ltr'><strong>inter</strong></span> <span class='ocrx_word' id='word_1_74' title='bbox 360 1041 452 1076; x_wconf 85' lang='lat' dir='ltr'><strong>omnes</strong></span> <span class='ocrx_word' id='word_1_75' title='bbox 471 1033 581 1089; x_wconf 86' lang='lat' dir='ltr'><strong>constat,</strong></span> <span class='ocrx_word' id='word_1_76' title='bbox 600 1023 800 1092; x_wconf 83' lang='lat' dir='ltr'><strong>antiquissima]</strong></span> <span class='ocrx_word' id='word_1_77' title='bbox 823 1031 857 1084; x_wconf 81' lang='lat' dir='ltr'><strong>et,</strong></span> <span class='ocrx_word' id='word_1_78' title='bbox 882 1021 955 1085; x_wconf 70' lang='lat' dir='ltr'><strong>quood</strong></span> <span class='ocrx_word' id='word_1_79' title='bbox 979 1022 1054 1070; x_wconf 83' lang='lat' dir='ltr'><strong>inter</strong></span> <span class='ocrx_word' id='word_1_80' title='bbox 1080 1026 1151 1072; x_wconf 80' lang='lat' dir='ltr'><strong>omnis</strong></span> 
     </span>
     <span class='ocr_line' id='line_1_10' title="bbox 186 1085 1151 1160; baseline -0.003 -17"><span class='ocrx_word' id='word_1_81' title='bbox 186 1095 382 1159; x_wconf 84' lang='lat' dir='ltr'><strong>antiquissimos</strong></span> <span class='ocrx_word' id='word_1_82' title='bbox 401 1095 540 1145; x_wconf 81' lang='lat' dir='ltr'><strong>constabat.</strong></span> <span class='ocrx_word' id='word_1_83' title='bbox 559 1115 595 1130; x_wconf 89' lang='lat'><strong>-·</strong></span> <span class='ocrx_word' id='word_1_84' title='bbox 610 1089 626 1122; x_wconf 81' lang='grc'><em>*</em></span> <span class='ocrx_word' id='word_1_85' title='bbox 637 1087 816 1140; x_wconf 82' lang='lat' dir='ltr'><strong>munificentia</strong></span> <span class='ocrx_word' id='word_1_86' title='bbox 830 1085 1027 1152; x_wconf 69' lang='lat' dir='ltr'><strong>effusissimae]</strong></span> <span class='ocrx_word' id='word_1_87' title='bbox 1047 1091 1151 1160; x_wconf 74' lang='lat' dir='ltr'><strong>muntfi-</strong></span> 
     </span>
     <span class='ocr_line' id='line_1_11' title="bbox 187 1159 1151 1229; baseline -0.002 -18"><span class='ocrx_word' id='word_1_88' title='bbox 187 1165 285 1212; x_wconf 83' lang='lat' dir='ltr'><strong>eentiae</strong></span> <span class='ocrx_word' id='word_1_89' title='bbox 302 1161 490 1229; x_wconf 82' lang='lat' dir='ltr'><strong>effusissimus.</strong></span> <span class='ocrx_word' id='word_1_90' title='bbox 507 1187 543 1197; x_wconf 96' lang='lat'><strong>·-</strong></span> <span class='ocrx_word' id='word_1_91' title='bbox 560 1171 586 1211; x_wconf 86' lang='lat' dir='ltr'><strong>et</strong></span> <span class='ocrx_word' id='word_1_92' title='bbox 603 1159 663 1210; x_wconf 89' lang='lat' dir='ltr'><strong>cibo</strong></span> <span class='ocrx_word' id='word_1_93' title='bbox 681 1170 707 1209; x_wconf 83' lang='lat' dir='ltr'><strong>et</strong></span> <span class='ocrx_word' id='word_1_94' title='bbox 725 1159 831 1220; x_wconf 83' lang='lat' dir='ltr'><strong>somno]</strong></span> <span class='ocrx_word' id='word_1_95' title='bbox 848 1168 873 1206; x_wconf 84' lang='lat' dir='ltr'><strong>et</strong></span> <span class='ocrx_word' id='word_1_96' title='bbox 889 1175 983 1207; x_wconf 83' lang='lat' dir='ltr'><strong>somno</strong></span> <span class='ocrx_word' id='word_1_97' title='bbox 1005 1171 1033 1208; x_wconf 84' lang='lat' dir='ltr'><strong>et</strong></span> <span class='ocrx_word' id='word_1_98' title='bbox 1052 1161 1151 1214; x_wconf 76' lang='lat' dir='ltr'><strong>cibo.-</strong></span> 
     </span>
     <span class='ocr_line' id='line_1_12' title="bbox 187 1220 1152 1296; baseline -0.001 -17"><span class='ocrx_word' id='word_1_99' title='bbox 187 1229 220 1279; x_wconf 82' lang='lat' dir='ltr'><strong>ab</strong></span> <span class='ocrx_word' id='word_1_100' title='bbox 238 1233 269 1281; x_wconf 88' lang='lat' dir='ltr'><strong>iis</strong></span> <span class='ocrx_word' id='word_1_101' title='bbox 308 1220 340 1281; x_wconf 72' lang='lat' dir='ltr'><strong>ist&gt;</strong></span> <span class='ocrx_word' id='word_1_102' title='bbox 357 1232 407 1283; x_wconf 81' lang='lat' dir='ltr'><strong>bis.</strong></span> <span class='ocrx_word' id='word_1_103' title='bbox 426 1255 461 1269; x_wconf 86' lang='lat'><strong>·-</strong></span> <span class='ocrx_word' id='word_1_104' title='bbox 478 1231 529 1293; x_wconf 89' lang='lat' dir='ltr'><strong>iis]</strong></span> <span class='ocrx_word' id='word_1_105' title='bbox 548 1229 600 1283; x_wconf 82' lang='lat' dir='ltr'><strong>itia.</strong></span> <span class='ocrx_word' id='word_1_106' title='bbox 619 1253 650 1265; x_wconf 91' lang='lat'>-</span> <span class='ocrx_word' id='word_1_107' title='bbox 670 1238 807 1296; x_wconf 83' lang='lat' dir='ltr'><strong>suspectus</strong></span> <span class='ocrx_word' id='word_1_108' title='bbox 824 1227 876 1288; x_wconf 84' lang='lat' dir='ltr'><strong>iis]</strong></span> <span class='ocrx_word' id='word_1_109' title='bbox 895 1239 1041 1286; x_wconf 75' lang='lat' dir='ltr'><strong>suspectus</strong></span> <span class='ocrx_word' id='word_1_110' title='bbox 1060 1229 1152 1283; x_wconf 83' lang='lat' dir='ltr'><strong>lais.-</strong></span> 
     </span>
     <span class='ocr_line' id='line_1_13' title="bbox 187 1233 1152 1417; baseline -0.005 -67"><span class='ocrx_word' id='word_1_111' title='bbox 187 1296 253 1368; x_wconf 83' lang='lat' dir='ltr'><strong>Cap.</strong></span> <span class='ocrx_word' id='word_1_112' title='bbox 271 1233 316 1353; x_wconf 64' lang='lat' dir='ltr'><strong>ii.</strong></span> <span class='ocrx_word' id='word_1_113' title='bbox 334 1301 474 1369; x_wconf 89' lang='lat' dir='ltr'><strong>quotiens]</strong></span> <span class='ocrx_word' id='word_1_114' title='bbox 495 1300 604 1363; x_wconf 78' lang='lat' dir='ltr'><strong>quoties.</strong></span> <span class='ocrx_word' id='word_1_115' title='bbox 620 1320 655 1333; x_wconf 91' lang='lat'><strong>·-</strong></span> <span class='ocrx_word' id='word_1_116' title='bbox 672 1294 851 1358; x_wconf 60' lang='lat' dir='ltr'><strong>*destituerifl</strong></span> <span class='ocrx_word' id='word_1_117' title='bbox 868 1297 1025 1349; x_wconf 69' lang='lat' dir='ltr'><strong>destituere.</strong></span> <span class='ocrx_word' id='word_1_118' title='bbox 1044 1300 1152 1417; x_wconf 55' lang='lat' dir='ltr'><strong>—effii</strong></span> 
     </span>
     <span class='ocr_line' id='line_1_14' title="bbox 187 1363 1151 1431; baseline -0.001 -16"><span class='ocrx_word' id='word_1_119' title='bbox 187 1369 268 1428; x_wconf 74' lang='lat' dir='ltr'><strong>vata]</strong></span> <span class='ocrx_word' id='word_1_120' title='bbox 291 1371 418 1431; x_wconf 84' lang='lat' dir='ltr'><strong>privatus.</strong></span> <span class='ocrx_word' id='word_1_121' title='bbox 441 1393 475 1406; x_wconf 91' lang='lat'><strong>·-</strong></span> <span class='ocrx_word' id='word_1_122' title='bbox 498 1365 569 1416; x_wconf 83' lang='lat' dir='ltr'><strong>idem</strong></span> <span class='ocrx_word' id='word_1_123' title='bbox 590 1366 659 1415; x_wconf 88' lang='lat' dir='ltr'><strong>enim</strong></span> <span class='ocrx_word' id='word_1_124' title='bbox 678 1381 740 1414; x_wconf 82' lang='lat' dir='ltr'><strong>cunt</strong></span> <span class='ocrx_word' id='word_1_125' title='bbox 757 1363 819 1414; x_wconf 78' lang='lat' dir='ltr'><strong>Asia</strong></span> <span class='ocrx_word' id='word_1_126' title='bbox 846 1379 905 1413; x_wconf 86' lang='lat' dir='ltr'><strong>eam</strong></span> <span class='ocrx_word' id='word_1_127' title='bbox 921 1374 983 1413; x_wconf 87' lang='lat' dir='ltr'><strong>tum</strong></span> <span class='ocrx_word' id='word_1_128' title='bbox 1004 1363 1085 1414; x_wconf 84' lang='lat' dir='ltr'><strong>obtin</strong></span> <span class='ocrx_word' id='word_1_129' title='bbox 1132 1365 1151 1429; x_wconf 92' lang='lat' dir='ltr'><strong>t]</strong></span> 
     </span>
     <span class='ocr_line' id='line_1_15' title="bbox 187 1433 1150 1501; baseline 0.002 -19"><span class='ocrx_word' id='word_1_130' title='bbox 187 1451 244 1482; x_wconf 80' lang='lat' dir='ltr'><strong>uem</strong></span> <span class='ocrx_word' id='word_1_131' title='bbox 262 1435 328 1484; x_wconf 78' lang='lat' dir='ltr'><strong>item</strong></span> <span class='ocrx_word' id='word_1_132' title='bbox 346 1437 412 1486; x_wconf 88' lang='lat' dir='ltr'><strong>euim</strong></span> <span class='ocrx_word' id='word_1_133' title='bbox 428 1435 524 1483; x_wconf 82' lang='lat' dir='ltr'><strong>Asiam</strong></span> <span class='ocrx_word' id='word_1_134' title='bbox 542 1451 596 1482; x_wconf 87' lang='lat' dir='ltr'><strong>eom</strong></span> <span class='ocrx_word' id='word_1_135' title='bbox 615 1451 691 1497; x_wconf 67' lang='lat' dir='ltr'><strong>queem</strong></span> <span class='ocrx_word' id='word_1_136' title='bbox 709 1433 847 1484; x_wconf 81' lang='lat' dir='ltr'><strong>obtinebat.</strong></span> <span class='ocrx_word' id='word_1_137' title='bbox 862 1455 899 1468; x_wconf 87' lang='lat'><em>-</em></span> <span class='ocrx_word' id='word_1_138' title='bbox 916 1433 1075 1501; x_wconf 86' lang='lat' dir='ltr'><strong>epistolae]</strong></span> <span class='ocrx_word' id='word_1_139' title='bbox 1101 1437 1150 1501; x_wconf 80' lang='lat' dir='ltr'><strong>epi·</strong></span> 
     </span>
     <span class='ocr_line' id='line_1_16' title="bbox 187 1499 1150 1574; baseline 0.001 -23"><span class='ocrx_word' id='word_1_140' title='bbox 187 1500 282 1553; x_wconf 81' lang='lat' dir='ltr'><strong>stuioe.</strong></span> <span class='ocrx_word' id='word_1_141' title='bbox 301 1527 330 1538; x_wconf 90' lang='lat'><strong>-</strong></span> <span class='ocrx_word' id='word_1_142' title='bbox 370 1501 437 1574; x_wconf 77' lang='lat' dir='ltr'><strong>Cap.</strong></span> <span class='ocrx_word' id='word_1_143' title='bbox 455 1499 497 1551; x_wconf 82' lang='lat'><strong>43.</strong></span> <span class='ocrx_word' id='word_1_144' title='bbox 514 1501 686 1564; x_wconf 73' lang='lat' dir='ltr'><strong>Dolabellae]</strong></span> <span class='ocrx_word' id='word_1_145' title='bbox 710 1499 875 1553; x_wconf 78' lang='lat' dir='ltr'><strong>Dolabellae.</strong></span> <span class='ocrx_word' id='word_1_146' title='bbox 892 1524 928 1537; x_wconf 89' lang='lat'><strong>-··</strong></span> <span class='ocrx_word' id='word_1_147' title='bbox 946 1501 1105 1553; x_wconf 83' lang='lat' dir='ltr'><strong>consularis</strong></span> <span class='ocrx_word' id='word_1_148' title='bbox 1126 1520 1150 1552; x_wconf 81' lang='lat' dir='ltr'><strong>aa</strong></span> 
     </span>
     <span class='ocr_line' id='line_1_17' title="bbox 98 1563 1149 1640; baseline 0.002 -22"><span class='ocrx_word' id='word_1_149' title='bbox 98 1625 101 1632; x_wconf 33' lang='grc' dir='ltr'>Ι</span> <span class='ocrx_word' id='word_1_150' title='bbox 186 1567 340 1640; x_wconf 82' lang='lat' dir='ltr'><strong>pontificis]</strong></span> <span class='ocrx_word' id='word_1_151' title='bbox 359 1571 502 1621; x_wconf 80' lang='lat' dir='ltr'><strong>consularis</strong></span> <span class='ocrx_word' id='word_1_152' title='bbox 520 1582 597 1635; x_wconf 82' lang='lat' dir='ltr'><strong>atque</strong></span> <span class='ocrx_word' id='word_1_153' title='bbox 611 1567 753 1638; x_wconf 82' lang='lat' dir='ltr'><strong>pontificis.</strong></span> <span class='ocrx_word' id='word_1_154' title='bbox 775 1593 804 1605; x_wconf 85' lang='lat'><strong>·-</strong></span> <span class='ocrx_word' id='word_1_155' title='bbox 823 1565 890 1638; x_wconf 84' lang='lat' dir='ltr'><strong>Cap.</strong></span> <span class='ocrx_word' id='word_1_156' title='bbox 908 1563 953 1622; x_wconf 79' lang='grc'><strong>44.</strong></span> <span class='ocrx_word' id='word_1_157' title='bbox 972 1587 1061 1638; x_wconf 84' lang='lat' dir='ltr'><strong>quam</strong></span> <span class='ocrx_word' id='word_1_158' title='bbox 1103 1571 1149 1635; x_wconf 82' lang='lat' dir='ltr'><strong>aaa]</strong></span> 
     </span>
     <span class='ocr_line' id='line_1_18' title="bbox 98 1591 1149 1708; baseline 0.003 -21"><span class='ocrx_word' id='word_1_159' title='bbox 98 1670 104 1681; x_wconf 54' lang='grc' dir='ltr'><em>ι</em></span> <span class='ocrx_word' id='word_1_160' title='bbox 188 1657 296 1704; x_wconf 79' lang='lat' dir='ltr'><strong>quoque.</strong></span> <span class='ocrx_word' id='word_1_161' title='bbox 318 1665 349 1676; x_wconf 88' lang='lat'>-</span> <span class='ocrx_word' id='word_1_162' title='bbox 368 1640 468 1706; x_wconf 84' lang='lat' dir='ltr'><strong>Iuliam,</strong></span> <span class='ocrx_word' id='word_1_163' title='bbox 486 1636 587 1704; x_wconf 84' lang='lat' dir='ltr'><strong>filiam]</strong></span> <span class='ocrx_word' id='word_1_164' title='bbox 597 1637 702 1708; x_wconf 71' lang='lat' dir='ltr'><strong>filiams</strong></span> <span class='ocrx_word' id='word_1_165' title='bbox 723 1665 758 1678; x_wconf 87' lang='lat'>-</span> <span class='ocrx_word' id='word_1_166' title='bbox 780 1635 895 1704; x_wconf 78' lang='lat' dir='ltr'><strong>*viginti</strong></span> <span class='ocrx_word' id='word_1_167' title='bbox 912 1635 1010 1702; x_wconf 86' lang='lat' dir='ltr'><strong>milia]</strong></span> <span class='ocrx_word' id='word_1_168' title='bbox 1029 1591 1105 1694; x_wconf 58' lang='lat' dir='ltr'><strong>Xiil</strong></span> <span class='ocrx_word' id='word_1_169' title='bbox 1122 1663 1149 1676; x_wconf 93' lang='lat'><strong>·-</strong></span> 
     </span>
     <span class='ocr_line' id='line_1_19' title="bbox 188 1701 1145 1776; baseline 0.005 -22"><span class='ocrx_word' id='word_1_170' title='bbox 188 1707 250 1757; x_wconf 72' lang='lat' dir='ltr'><strong>*ius</strong></span> <span class='ocrx_word' id='word_1_171' title='bbox 268 1709 400 1774; x_wconf 81' lang='lat' dir='ltr'><strong>civitatis]</strong></span> <span class='ocrx_word' id='word_1_172' title='bbox 425 1711 466 1757; x_wconf 88' lang='lat' dir='ltr'><strong>ius</strong></span> <span class='ocrx_word' id='word_1_173' title='bbox 491 1709 523 1757; x_wconf 83' lang='lat' dir='ltr'><strong>nb</strong></span> <span class='ocrx_word' id='word_1_174' title='bbox 544 1708 595 1759; x_wconf 69' lang='lat' dir='ltr'><strong>ius.</strong></span> <span class='ocrx_word' id='word_1_175' title='bbox 621 1733 654 1744; x_wconf 92' lang='lat'><em>-</em></span> <span class='ocrx_word' id='word_1_176' title='bbox 689 1703 755 1776; x_wconf 85' lang='lat' dir='ltr'><strong>Cap.</strong></span> <span class='ocrx_word' id='word_1_177' title='bbox 783 1701 829 1759; x_wconf 79' lang='grc'><strong>45.</strong></span> <span class='ocrx_word' id='word_1_178' title='bbox 858 1707 1061 1772; x_wconf 67' lang='lat' dir='ltr'><strong>uigintiuiros]</strong></span> <span class='ocrx_word' id='word_1_179' title='bbox 1084 1706 1145 1762; x_wconf 82' lang='lat' dir='ltr'><strong>XX.</strong></span> 
     </span>
     <span class='ocr_line' id='line_1_20' title="bbox 186 1773 1146 1841; baseline 0.001 -15"><span class='ocrx_word' id='word_1_180' title='bbox 186 1778 266 1829; x_wconf 85' lang='lat' dir='ltr'><strong>viros.</strong></span> <span class='ocrx_word' id='word_1_181' title='bbox 284 1799 317 1813; x_wconf 87' lang='lat'>-</span> <span class='ocrx_word' id='word_1_182' title='bbox 336 1777 387 1829; x_wconf 72' lang='lat' dir='ltr'><strong>*R</strong></span> <span class='ocrx_word' id='word_1_183' title='bbox 407 1774 528 1838; x_wconf 84' lang='lat' dir='ltr'><strong>Clodius]</strong></span> <span class='ocrx_word' id='word_1_184' title='bbox 547 1780 576 1830; x_wconf 85' lang='lat' dir='ltr'><strong>P.</strong></span> <span class='ocrx_word' id='word_1_185' title='bbox 598 1775 705 1826; x_wconf 73' lang='lat' dir='ltr'><strong>Cloelius</strong></span> <span class='ocrx_word' id='word_1_186' title='bbox 722 1777 748 1824; x_wconf 89' lang='lat' dir='ltr'><strong>in</strong></span> <span class='ocrx_word' id='word_1_187' title='bbox 766 1786 865 1825; x_wconf 82' lang='lat' dir='ltr'><strong>senatu.</strong></span> <span class='ocrx_word' id='word_1_188' title='bbox 883 1799 918 1810; x_wconf 87' lang='lat'><em>-</em></span> <span class='ocrx_word' id='word_1_189' title='bbox 934 1773 1010 1824; x_wconf 86' lang='lat' dir='ltr'><strong>baud</strong></span> <span class='ocrx_word' id='word_1_190' title='bbox 1036 1775 1146 1841; x_wconf 78' lang='lat' dir='ltr'><strong>laudari]</strong></span> 
     </span>
     <span class='ocr_line' id='line_1_21' title="bbox 124 1839 1147 1914; baseline 0 -20"><span class='ocrx_word' id='word_1_191' title='bbox 124 1871 132 1886; x_wconf 57' lang='lat' dir='ltr'><strong>s</strong></span> <span class='ocrx_word' id='word_1_192' title='bbox 187 1840 302 1900; x_wconf 78' lang='lat' dir='ltr'><strong>laudari.</strong></span> <span class='ocrx_word' id='word_1_193' title='bbox 319 1866 355 1882; x_wconf 84' lang='lat'><strong>·-·</strong></span> <span class='ocrx_word' id='word_1_194' title='bbox 373 1844 438 1914; x_wconf 85' lang='lat' dir='ltr'><strong>Cap.</strong></span> <span class='ocrx_word' id='word_1_195' title='bbox 457 1840 501 1895; x_wconf 79' lang='grc'><strong>46.</strong></span> <span class='ocrx_word' id='word_1_196' title='bbox 519 1847 639 1894; x_wconf 83' lang='lat' dir='ltr'><strong>iunctum</strong></span> <span class='ocrx_word' id='word_1_197' title='bbox 675 1860 704 1893; x_wconf 87' lang='lat' dir='ltr'><strong>at·</strong></span> <span class='ocrx_word' id='word_1_198' title='bbox 721 1839 878 1905; x_wconf 87' lang='lat' dir='ltr'><strong>consulunt]</strong></span> <span class='ocrx_word' id='word_1_199' title='bbox 901 1845 985 1892; x_wconf 79' lang='lat' dir='ltr'><strong>victus</strong></span> <span class='ocrx_word' id='word_1_200' title='bbox 1003 1863 1073 1910; x_wconf 79' lang='lat' dir='ltr'><strong>pars</strong></span> <span class='ocrx_word' id='word_1_201' title='bbox 1092 1866 1147 1896; x_wconf 84' lang='lat' dir='ltr'><strong>eon-</strong></span> 
     </span>
     <span class='ocr_line' id='line_1_22' title="bbox 187 1907 1144 1981; baseline 0.004 -21"><span class='ocrx_word' id='word_1_202' title='bbox 187 1911 282 1965; x_wconf 84' lang='lat' dir='ltr'><strong>sulum.</strong></span> <span class='ocrx_word' id='word_1_203' title='bbox 300 1937 336 1950; x_wconf 91' lang='lat'><strong>·-</strong></span> <span class='ocrx_word' id='word_1_204' title='bbox 352 1911 385 1961; x_wconf 89' lang='lat' dir='ltr'><strong>ab</strong></span> <span class='ocrx_word' id='word_1_205' title='bbox 403 1909 453 1974; x_wconf 90' lang='lat' dir='ltr'><strong>iis]</strong></span> <span class='ocrx_word' id='word_1_206' title='bbox 474 1913 506 1959; x_wconf 82' lang='lat' dir='ltr'><strong>ab</strong></span> <span class='ocrx_word' id='word_1_207' title='bbox 522 1912 574 1966; x_wconf 81' lang='lat' dir='ltr'><strong>bis.</strong></span> <span class='ocrx_word' id='word_1_208' title='bbox 591 1936 626 1948; x_wconf 89' lang='lat'>—</span> <span class='ocrx_word' id='word_1_209' title='bbox 667 1929 708 1980; x_wconf 90' lang='lat' dir='ltr'><strong>ap.</strong></span> <span class='ocrx_word' id='word_1_210' title='bbox 726 1907 771 1964; x_wconf 76' lang='lat'><strong>47.</strong></span> <span class='ocrx_word' id='word_1_211' title='bbox 795 1910 930 1981; x_wconf 68' lang='lat' dir='ltr'><strong>¹*amplius</strong></span> <span class='ocrx_word' id='word_1_212' title='bbox 954 1913 1144 1981; x_wconf 78' lang='lat' dir='ltr'><strong>quadringenta</strong></span> 
     </span>
     <span class='ocr_line' id='line_1_23' title="bbox 187 1977 1145 2050; baseline 0.002 -22"><span class='ocrx_word' id='word_1_213' title='bbox 187 1980 277 2044; x_wconf 85' lang='lat' dir='ltr'><strong>milia]</strong></span> <span class='ocrx_word' id='word_1_214' title='bbox 297 1979 409 2046; x_wconf 79' lang='lat' dir='ltr'><strong>amplius</strong></span> <span class='ocrx_word' id='word_1_215' title='bbox 430 1979 526 2032; x_wconf 82' lang='lat' dir='ltr'><strong><em>CCCC.</em></strong></span> <span class='ocrx_word' id='word_1_216' title='bbox 545 2003 579 2015; x_wconf 90' lang='lat'><em>-</em></span> <span class='ocrx_word' id='word_1_217' title='bbox 596 1995 676 2048; x_wconf 84' lang='lat' dir='ltr'><strong>saepe</strong></span> <span class='ocrx_word' id='word_1_218' title='bbox 693 1977 860 2046; x_wconf 75' lang='lat' dir='ltr'><strong>agminibus]</strong></span> <span class='ocrx_word' id='word_1_219' title='bbox 875 1997 952 2045; x_wconf 81' lang='lat' dir='ltr'><strong>saepe</strong></span> <span class='ocrx_word' id='word_1_220' title='bbox 974 1981 1003 2029; x_wconf 90' lang='lat' dir='ltr'><strong>in</strong></span> <span class='ocrx_word' id='word_1_221' title='bbox 1033 1986 1145 2050; x_wconf 80' lang='lat' dir='ltr'><strong>agmini-</strong></span> 
     </span>
    </p>
   </div>
   <div class='ocr_carea' id='block_1_3' title="bbox 187 2045 1195 2116">
    <p class='ocr_par' dir='ltr' id='par_1_3' title="bbox 187 2045 1195 2116">
     <span class='ocr_line' id='line_1_24' title="bbox 187 2045 1195 2116; baseline 0.006 -21"><span class='ocrx_word' id='word_1_222' title='bbox 187 2049 243 2101; x_wconf 79' lang='lat' dir='ltr'><strong>bus.</strong></span> <span class='ocrx_word' id='word_1_223' title='bbox 263 2071 296 2084; x_wconf 87' lang='lat'><strong>-··</strong></span> <span class='ocrx_word' id='word_1_224' title='bbox 313 2045 403 2109; x_wconf 83' lang='lat' dir='ltr'><strong>velut]</strong></span> <span class='ocrx_word' id='word_1_225' title='bbox 422 2046 511 2099; x_wconf 80' lang='lat' dir='ltr'><strong>ueluti.</strong></span> <span class='ocrx_word' id='word_1_226' title='bbox 530 2071 563 2082; x_wconf 85' lang='lat'><strong>-·-</strong></span> <span class='ocrx_word' id='word_1_227' title='bbox 581 2045 714 2110; x_wconf 79' lang='lat' dir='ltr'><strong>exsatuit]</strong></span> <span class='ocrx_word' id='word_1_228' title='bbox 734 2049 858 2102; x_wconf 71' lang='lat' dir='ltr'><strong>exercuit.</strong></span> <span class='ocrx_word' id='word_1_229' title='bbox 875 2075 910 2088; x_wconf 89' lang='lat'>-</span> <span class='ocrx_word' id='word_1_230' title='bbox 926 2047 990 2116; x_wconf 87' lang='lat' dir='ltr'><strong>qui]</strong></span> <span class='ocrx_word' id='word_1_231' title='bbox 1012 2051 1145 2111; x_wconf 71' lang='lat' dir='ltr'><strong>Quattu-</strong></span> <span class='ocrx_word' id='word_1_232' title='bbox 1194 2103 1195 2106; x_wconf 62' lang='grc'>,</span> 
     </span>
    </p>
   </div>
   <div class='ocr_carea' id='block_1_4' title="bbox 182 2113 1143 2526">
    <p class='ocr_par' dir='ltr' id='par_1_4' title="bbox 182 2113 1143 2526">
     <span class='ocr_line' id='line_1_25' title="bbox 187 2113 1143 2198; baseline 0 -30"><span class='ocrx_word' id='word_1_233' title='bbox 187 2113 252 2198; x_wconf 63' lang='lat' dir='ltr'><strong>Cap,</strong></span> <span class='ocrx_word' id='word_1_234' title='bbox 270 2113 315 2170; x_wconf 80' lang='grc'><strong>48.</strong></span> <span class='ocrx_word' id='word_1_235' title='bbox 335 2113 530 2180; x_wconf 75' lang='lat' dir='ltr'><strong>consentiebat]</strong></span> <span class='ocrx_word' id='word_1_236' title='bbox 547 2117 739 2170; x_wconf 67' lang='lat' dir='ltr'><strong>adsentab&#39;utur.</strong></span> <span class='ocrx_word' id='word_1_237' title='bbox 756 2141 792 2153; x_wconf 90' lang='lat'><em>-</em></span> <span class='ocrx_word' id='word_1_238' title='bbox 809 2115 877 2184; x_wconf 73' lang='lat' dir='ltr'><strong>*qni</strong></span> <span class='ocrx_word' id='word_1_239' title='bbox 894 2114 927 2164; x_wconf 85' lang='lat' dir='ltr'><strong>ab</strong></span> <span class='ocrx_word' id='word_1_240' title='bbox 945 2118 1006 2185; x_wconf 88' lang='lat' dir='ltr'><strong>ipso</strong></span> <span class='ocrx_word' id='word_1_241' title='bbox 1026 2118 1143 2189; x_wconf 80' lang='lat' dir='ltr'><strong>quoque]</strong></span> 
     </span>
     <span class='ocr_line' id='line_1_26' title="bbox 187 2185 1141 2254; baseline 0.003 -21"><span class='ocrx_word' id='word_1_242' title='bbox 187 2203 231 2249; x_wconf 85' lang='lat' dir='ltr'><strong>qut</strong></span> <span class='ocrx_word' id='word_1_243' title='bbox 249 2188 412 2239; x_wconf 72' lang='lat' dir='ltr'><strong>cb&#39;mittetulos</strong></span> <span class='ocrx_word' id='word_1_244' title='bbox 437 2187 468 2234; x_wconf 82' lang='lat' dir='ltr'><strong>ab</strong></span> <span class='ocrx_word' id='word_1_245' title='bbox 491 2187 548 2250; x_wconf 85' lang='lat' dir='ltr'><strong>ipso</strong></span> <span class='ocrx_word' id='word_1_246' title='bbox 572 2203 680 2252; x_wconf 76' lang='lat' dir='ltr'><strong>ottoque.</strong></span> <span class='ocrx_word' id='word_1_247' title='bbox 704 2207 738 2222; x_wconf 85' lang='lat'><strong>·-</strong></span> <span class='ocrx_word' id='word_1_248' title='bbox 761 2185 864 2254; x_wconf 77' lang='lat' dir='ltr'><strong>*primi</strong></span> <span class='ocrx_word' id='word_1_249' title='bbox 887 2187 1008 2234; x_wconf 89' lang='lat' dir='ltr'><strong>omnium</strong></span> <span class='ocrx_word' id='word_1_250' title='bbox 1033 2185 1141 2249; x_wconf 83' lang='lat' dir='ltr'><strong>civium]</strong></span> 
     </span>
     <span class='ocr_line' id='line_1_27' title="bbox 185 2251 1142 2316; baseline 0.004 -16"><span class='ocrx_word' id='word_1_251' title='bbox 185 2254 267 2315; x_wconf 78' lang='lat' dir='ltr'><strong>primo</strong></span> <span class='ocrx_word' id='word_1_252' title='bbox 286 2257 396 2304; x_wconf 86' lang='lat' dir='ltr'><strong>omnium</strong></span> <span class='ocrx_word' id='word_1_253' title='bbox 418 2256 562 2306; x_wconf 85' lang='lat' dir='ltr'><strong>ciuium.····</strong></span> <span class='ocrx_word' id='word_1_254' title='bbox 578 2255 652 2304; x_wconf 86' lang='lat' dir='ltr'><strong>cuius</strong></span> <span class='ocrx_word' id='word_1_255' title='bbox 670 2251 770 2316; x_wconf 87' lang='lat' dir='ltr'><strong>animo]</strong></span> <span class='ocrx_word' id='word_1_256' title='bbox 788 2254 877 2302; x_wconf 87' lang='lat' dir='ltr'><strong>Huius</strong></span> <span class='ocrx_word' id='word_1_257' title='bbox 895 2255 990 2305; x_wconf 85' lang='lat' dir='ltr'><strong>animo.</strong></span> <span class='ocrx_word' id='word_1_258' title='bbox 1009 2279 1048 2294; x_wconf 80' lang='lat'><strong>·-</strong></span> <span class='ocrx_word' id='word_1_259' title='bbox 1066 2255 1142 2306; x_wconf 80' lang='lat' dir='ltr'><strong>*cos-</strong></span> 
     </span>
     <span class='ocr_line' id='line_1_28' title="bbox 186 2314 1141 2392; baseline 0.004 -25"><span class='ocrx_word' id='word_1_260' title='bbox 186 2317 326 2384; x_wconf 85' lang='lat' dir='ltr'><strong>lescentis]</strong></span> <span class='ocrx_word' id='word_1_261' title='bbox 345 2331 370 2368; x_wconf 85' lang='lat' dir='ltr'><strong>et</strong></span> <span class='ocrx_word' id='word_1_262' title='bbox 387 2317 561 2372; x_wconf 81' lang='lat' dir='ltr'><strong>coalescentis.</strong></span> <span class='ocrx_word' id='word_1_263' title='bbox 578 2338 614 2359; x_wconf 70' lang='grc'><strong>’-</strong></span> <span class='ocrx_word' id='word_1_264' title='bbox 631 2320 646 2352; x_wconf 77' lang='grc'><strong><em>*</em></strong></span> <span class='ocrx_word' id='word_1_265' title='bbox 652 2314 746 2382; x_wconf 84' lang='lat' dir='ltr'><strong>iustis]</strong></span> <span class='ocrx_word' id='word_1_266' title='bbox 770 2322 877 2374; x_wconf 86' lang='lat' dir='ltr'><strong>iustius.</strong></span> <span class='ocrx_word' id='word_1_267' title='bbox 893 2343 928 2358; x_wconf 91' lang='lat'><strong>-·</strong></span> <span class='ocrx_word' id='word_1_268' title='bbox 964 2318 1035 2392; x_wconf 82' lang='lat' dir='ltr'><strong>Cap.</strong></span> <span class='ocrx_word' id='word_1_269' title='bbox 1056 2319 1103 2378; x_wconf 77' lang='lat'><strong>49.</strong></span> <span class='ocrx_word' id='word_1_270' title='bbox 1120 2335 1141 2374; x_wconf 79' lang='lat' dir='ltr'><strong>st</strong></span> 
     </span>
     <span class='ocr_line' id='line_1_29' title="bbox 187 2383 1139 2456; baseline 0.006 -20"><span class='ocrx_word' id='word_1_271' title='bbox 187 2398 247 2438; x_wconf 87' lang='lat' dir='ltr'><strong>ante</strong></span> <span class='ocrx_word' id='word_1_272' title='bbox 270 2402 353 2438; x_wconf 88' lang='lat' dir='ltr'><strong>annos</strong></span> <span class='ocrx_word' id='word_1_273' title='bbox 373 2383 638 2456; x_wconf 73' lang='lat' dir='ltr'><strong>septuaginta‘octo]</strong></span> <span class='ocrx_word' id='word_1_274' title='bbox 672 2398 697 2436; x_wconf 89' lang='lat' dir='ltr'><strong>et</strong></span> <span class='ocrx_word' id='word_1_275' title='bbox 718 2383 886 2440; x_wconf 70' lang='lat' dir='ltr'><strong>LXXth</strong></span> <span class='ocrx_word' id='word_1_276' title='bbox 907 2411 944 2427; x_wconf 91' lang='lat'><strong>·-·</strong></span> <span class='ocrx_word' id='word_1_277' title='bbox 975 2389 1139 2455; x_wconf 79' lang='lat' dir='ltr'><strong>glosiosiors]</strong></span> 
     </span>
     <span class='ocr_line' id='line_1_30' title="bbox 182 2453 1139 2526; baseline 0.007 -20"><span class='ocrx_word' id='word_1_278' title='bbox 182 2455 311 2526; x_wconf 77' lang='lat' dir='ltr'><strong>gloriosa.</strong></span> <span class='ocrx_word' id='word_1_279' title='bbox 325 2459 370 2494; x_wconf 83' lang='lat'><strong>&#39;·-</strong></span> <span class='ocrx_word' id='word_1_280' title='bbox 391 2457 503 2506; x_wconf 81' lang='lat' dir='ltr'><strong>retinere</strong></span> <span class='ocrx_word' id='word_1_281' title='bbox 525 2453 708 2526; x_wconf 79' lang='lat' dir='ltr'><strong>prouinciam]</strong></span> <span class='ocrx_word' id='word_1_282' title='bbox 731 2453 837 2505; x_wconf 82' lang='lat' dir='ltr'><strong>titulum</strong></span> <span class='ocrx_word' id='word_1_283' title='bbox 859 2457 966 2506; x_wconf 79' lang='lat' dir='ltr'><strong>retinere</strong></span> <span class='ocrx_word' id='word_1_284' title='bbox 985 2462 1139 2523; x_wconf 75' lang='lat' dir='ltr'><strong>prouinciae.</strong></span> 
     </span>
    </p>
   </div>
   <div class='ocr_carea' id='block_1_5' title="bbox 98 2520 1192 2728">
    <p class='ocr_par' dir='ltr' id='par_1_5' title="bbox 98 2520 1192 2728">
     <span class='ocr_line' id='line_1_31' title="bbox 98 2520 1138 2598; baseline 0.006 -25"><span class='ocrx_word' id='word_1_285' title='bbox 98 2587 100 2595; x_wconf 21' lang='lat' dir='ltr'><em>A</em></span> <span class='ocrx_word' id='word_1_286' title='bbox 185 2521 437 2590; x_wconf 76' lang='lat' dir='ltr'><strong>-Dyrrbaobium]</strong></span> <span class='ocrx_word' id='word_1_287' title='bbox 456 2524 635 2593; x_wconf 78' lang='lat' dir='ltr'><strong>Dyrrachium.</strong></span> <span class='ocrx_word' id='word_1_288' title='bbox 648 2545 683 2562; x_wconf 73' lang='lat'><strong>⁶-</strong></span> <span class='ocrx_word' id='word_1_289' title='bbox 709 2520 775 2592; x_wconf 81' lang='lat' dir='ltr'><strong>cap.</strong></span> <span class='ocrx_word' id='word_1_290' title='bbox 790 2522 834 2576; x_wconf 83' lang='lat'><strong>50.</strong></span> <span class='ocrx_word' id='word_1_291' title='bbox 849 2523 1062 2595; x_wconf 76' lang='lat' dir='ltr'><strong>legionibusque,</strong></span> <span class='ocrx_word' id='word_1_292' title='bbox 1077 2545 1138 2598; x_wconf 82' lang='lat' dir='ltr'><strong>quas</strong></span> 
     </span>
     <span class='ocr_line' id='line_1_32' title="bbox 186 2588 1192 2662; baseline 0.004 -20"><span class='ocrx_word' id='word_1_293' title='bbox 186 2588 316 2656; x_wconf 78' lang='lat' dir='ltr'><strong>Corfinii]</strong></span> <span class='ocrx_word' id='word_1_294' title='bbox 340 2591 534 2662; x_wconf 68' lang='lat' dir='ltr'><strong>legionibusque</strong></span> <span class='ocrx_word' id='word_1_295' title='bbox 558 2592 675 2660; x_wconf 81' lang='lat' dir='ltr'><strong>Corfinii,</strong></span> <span class='ocrx_word' id='word_1_296' title='bbox 695 2611 768 2657; x_wconf 75' lang='lat' dir='ltr'><strong>ottae.</strong></span> <span class='ocrx_word' id='word_1_297' title='bbox 786 2611 822 2632; x_wconf 83' lang='lat'><strong>····</strong></span> <span class='ocrx_word' id='word_1_298' title='bbox 846 2591 1036 2657; x_wconf 83' lang='lat' dir='ltr'><strong>Brundisium]</strong></span> <span class='ocrx_word' id='word_1_299' title='bbox 1052 2597 1138 2646; x_wconf 83' lang='lat' dir='ltr'><strong>Brun-</strong></span> <span class='ocrx_word' id='word_1_300' title='bbox 1190 2595 1192 2608; x_wconf 67' lang='lat'><strong>‘</strong></span> 
     </span>
     <span class='ocr_line' id='line_1_33' title="bbox 187 2658 1192 2728; baseline 0.005 -20"><span class='ocrx_word' id='word_1_301' title='bbox 187 2661 300 2713; x_wconf 75' lang='lat' dir='ltr'><strong>thesium.</strong></span> <span class='ocrx_word' id='word_1_302' title='bbox 328 2685 353 2697; x_wconf 91' lang='lat'>-</span> <span class='ocrx_word' id='word_1_303' title='bbox 387 2660 474 2728; x_wconf 81' lang='lat' dir='ltr'><strong>malle,</strong></span> <span class='ocrx_word' id='word_1_304' title='bbox 491 2663 598 2728; x_wconf 73' lang='lat' dir='ltr'><strong>integris</strong></span> <span class='ocrx_word' id='word_1_305' title='bbox 615 2660 704 2726; x_wconf 83' lang='lat' dir='ltr'><strong>rebba,</strong></span> <span class='ocrx_word' id='word_1_306' title='bbox 723 2659 917 2710; x_wconf 85' lang='lat' dir='ltr'><strong>conditionibus</strong></span> <span class='ocrx_word' id='word_1_307' title='bbox 928 2658 1005 2712; x_wconf 80' lang='lat' dir='ltr'><strong>fittire</strong></span> <span class='ocrx_word' id='word_1_308' title='bbox 1022 2661 1136 2728; x_wconf 86' lang='lat' dir='ltr'><strong>bellum]</strong></span> <span class='ocrx_word' id='word_1_309' title='bbox 1191 2693 1192 2725; x_wconf 68' lang='lat'>3</span> 
     </span>
    </p>
   </div>
   <div class='ocr_carea' id='block_1_6' title="bbox 186 2727 1136 2868">
    <p class='ocr_par' dir='ltr' id='par_1_6' title="bbox 186 2727 1136 2868">
     <span class='ocr_line' id='line_1_34' title="bbox 186 2727 1136 2797; baseline 0.002 -19"><span class='ocrx_word' id='word_1_310' title='bbox 186 2728 265 2779; x_wconf 84' lang='lat' dir='ltr'><strong>molle</strong></span> <span class='ocrx_word' id='word_1_311' title='bbox 282 2730 388 2797; x_wconf 77' lang='lat' dir='ltr'><strong>integris</strong></span> <span class='ocrx_word' id='word_1_312' title='bbox 402 2731 476 2786; x_wconf 66' lang='lat' dir='ltr'><strong>nebus</strong></span> <span class='ocrx_word' id='word_1_313' title='bbox 494 2741 518 2779; x_wconf 88' lang='lat' dir='ltr'><strong>et</strong></span> <span class='ocrx_word' id='word_1_314' title='bbox 535 2731 721 2779; x_wconf 77' lang='lat' dir='ltr'><strong>conditionibus</strong></span> <span class='ocrx_word' id='word_1_315' title='bbox 725 2727 810 2796; x_wconf 79' lang='lat' dir='ltr'><strong>fluite</strong></span> <span class='ocrx_word' id='word_1_316' title='bbox 825 2727 931 2782; x_wconf 79' lang='lat' dir='ltr'><strong>bellum.</strong></span> <span class='ocrx_word' id='word_1_317' title='bbox 949 2753 983 2766; x_wconf 86' lang='lat'><strong>·-</strong></span> <span class='ocrx_word' id='word_1_318' title='bbox 1000 2729 1038 2794; x_wconf 89' lang='lat' dir='ltr'><strong>ii]</strong></span> <span class='ocrx_word' id='word_1_319' title='bbox 1059 2733 1096 2786; x_wconf 79' lang='lat' dir='ltr'><strong>bi.</strong></span> <span class='ocrx_word' id='word_1_320' title='bbox 1108 2757 1136 2770; x_wconf 89' lang='lat'><strong>-·</strong></span> 
     </span>
     <span class='ocr_line' id='line_1_35' title="bbox 187 2791 1136 2868; baseline 0.001 -21"><span class='ocrx_word' id='word_1_321' title='bbox 187 2791 253 2866; x_wconf 82' lang='lat' dir='ltr'><strong>Cap.</strong></span> <span class='ocrx_word' id='word_1_322' title='bbox 271 2794 315 2850; x_wconf 84' lang='lat'><strong>51.</strong></span> <span class='ocrx_word' id='word_1_323' title='bbox 332 2795 505 2860; x_wconf 71' lang='lat' dir='ltr'><strong>obtineretur]</strong></span> <span class='ocrx_word' id='word_1_324' title='bbox 522 2801 653 2850; x_wconf 77' lang='lat' dir='ltr'><strong>retinetur.</strong></span> <span class='ocrx_word' id='word_1_325' title='bbox 665 2821 707 2852; x_wconf 50' lang='grc' dir='ltr'>μ</span> <span class='ocrx_word' id='word_1_326' title='bbox 718 2798 881 2868; x_wconf 76' lang='lat' dir='ltr'><strong>*regumque</strong></span> <span class='ocrx_word' id='word_1_327' title='bbox 898 2808 924 2847; x_wconf 88' lang='lat' dir='ltr'><strong>et</strong></span> <span class='ocrx_word' id='word_1_328' title='bbox 940 2799 1136 2865; x_wconf 72' lang='lat' dir='ltr'><strong>tetrarcharum]</strong></span> 
     </span>
    </p>
   </div>
   <div class='ocr_carea' id='block_1_7' title="bbox 179 2863 1191 2936">
    <p class='ocr_par' dir='ltr' id='par_1_7' title="bbox 179 2863 1191 2936">
     <span class='ocr_line' id='line_1_36' title="bbox 179 2863 1191 2936; baseline 0.009 -24"><span class='ocrx_word' id='word_1_329' title='bbox 179 2881 331 2936; x_wconf 74' lang='lat' dir='ltr'><strong>regumque,</strong></span> <span class='ocrx_word' id='word_1_330' title='bbox 350 2867 543 2922; x_wconf 74' lang='lat' dir='ltr'><strong>tetrarcharum.</strong></span> <span class='ocrx_word' id='word_1_331' title='bbox 562 2891 592 2904; x_wconf 89' lang='lat'>-</span> <span class='ocrx_word' id='word_1_332' title='bbox 613 2863 703 2928; x_wconf 86' lang='lat' dir='ltr'><strong>simul]</strong></span> <span class='ocrx_word' id='word_1_333' title='bbox 721 2865 858 2929; x_wconf 84' lang='lat' dir='ltr'><strong>simulque.</strong></span> <span class='ocrx_word' id='word_1_334' title='bbox 876 2889 908 2902; x_wconf 89' lang='lat'><strong>-·</strong></span> <span class='ocrx_word' id='word_1_335' title='bbox 927 2876 1034 2916; x_wconf 88' lang='lat' dir='ltr'><strong>etcum</strong></span> <span class='ocrx_word' id='word_1_336' title='bbox 1050 2867 1134 2932; x_wconf 77' lang='lat' dir='ltr'><strong>vellet,</strong></span> <span class='ocrx_word' id='word_1_337' title='bbox 1190 2915 1191 2929; x_wconf 65' lang='grc'>,</span> 
     </span>
    </p>
   </div>
   <div class='ocr_carea' id='block_1_8' title="bbox 186 2932 1132 3004">
    <p class='ocr_par' dir='ltr' id='par_1_8' title="bbox 186 2932 1132 3004">
     <span class='ocr_line' id='line_1_37' title="bbox 186 2932 1132 3004; baseline 0.005 -21"><span class='ocrx_word' id='word_1_338' title='bbox 186 2942 212 2984; x_wconf 82' lang='lat' dir='ltr'><strong>st</strong></span> <span class='ocrx_word' id='word_1_339' title='bbox 235 2951 287 3003; x_wconf 92' lang='lat' dir='ltr'><strong>quo</strong></span> <span class='ocrx_word' id='word_1_340' title='bbox 308 2932 406 2999; x_wconf 85' lang='lat' dir='ltr'><strong>vellet]</strong></span> <span class='ocrx_word' id='word_1_341' title='bbox 430 2946 454 2984; x_wconf 86' lang='lat' dir='ltr'><strong>et</strong></span> <span class='ocrx_word' id='word_1_342' title='bbox 480 2953 537 2985; x_wconf 79' lang='lat' dir='ltr'><strong>eum</strong></span> <span class='ocrx_word' id='word_1_343' title='bbox 558 2933 644 2988; x_wconf 81' lang='lat' dir='ltr'><strong>vellet.</strong></span> <span class='ocrx_word' id='word_1_344' title='bbox 668 2957 702 2972; x_wconf 87' lang='lat'><strong>-·</strong></span> <span class='ocrx_word' id='word_1_345' title='bbox 724 2951 779 2984; x_wconf 89' lang='lat' dir='ltr'><strong>non</strong></span> <span class='ocrx_word' id='word_1_346' title='bbox 803 2935 946 3004; x_wconf 76' lang='lat' dir='ltr'><strong>Hispaniae</strong></span> <span class='ocrx_word' id='word_1_347' title='bbox 969 2933 1132 3004; x_wconf 73' lang='lat' dir='ltr'><strong>adsignatus]</strong></span> 
     </span>
    </p>
   </div>
   <div class='ocr_carea' id='block_1_9' title="bbox 184 2997 1190 3076">
    <p class='ocr_par' dir='ltr' id='par_1_9' title="bbox 184 2997 1190 3076">
     <span class='ocr_line' id='line_1_38' title="bbox 184 2997 1190 3076; baseline 0.003 -24"><span class='ocrx_word' id='word_1_348' title='bbox 184 3011 234 3052; x_wconf 77' lang='lat' dir='ltr'><strong>bon</strong></span> <span class='ocrx_word' id='word_1_349' title='bbox 255 3003 400 3068; x_wconf 81' lang='lat' dir='ltr'><strong>Hispaniae</strong></span> <span class='ocrx_word' id='word_1_350' title='bbox 425 3004 509 3053; x_wconf 83' lang='lat' dir='ltr'><strong>Asiae</strong></span> <span class='ocrx_word' id='word_1_351' title='bbox 532 3015 620 3060; x_wconf 73' lang='lat' dir='ltr'><strong>natus.</strong></span> <span class='ocrx_word' id='word_1_352' title='bbox 641 3031 677 3045; x_wconf 79' lang='grc' dir='ltr'><strong>ι-</strong></span> <span class='ocrx_word' id='word_1_353' title='bbox 698 3005 778 3054; x_wconf 82' lang='lat' dir='ltr'><strong>trium</strong></span> <span class='ocrx_word' id='word_1_354' title='bbox 798 3001 863 3052; x_wconf 84' lang='lat' dir='ltr'><strong>bum</strong></span> <span class='ocrx_word' id='word_1_355' title='bbox 889 2997 1132 3076; x_wconf 84' lang='lat' dir='ltr'><strong>pontificatumque]</strong></span> <span class='ocrx_word' id='word_1_356' title='bbox 1189 3035 1190 3040; x_wconf 64' lang='lat'>=</span> 
     </span>
    </p>
   </div>
   <div class='ocr_carea' id='block_1_10' title="bbox 185 3069 1132 3416">
    <p class='ocr_par' dir='ltr' id='par_1_10' title="bbox 185 3069 1132 3416">
     <span class='ocr_line' id='line_1_39' title="bbox 185 3069 1132 3141; baseline 0.003 -21"><span class='ocrx_word' id='word_1_357' title='bbox 185 3071 340 3138; x_wconf 70' lang='lat' dir='ltr'><strong>triumphum</strong></span> <span class='ocrx_word' id='word_1_358' title='bbox 362 3083 385 3122; x_wconf 87' lang='lat' dir='ltr'><strong>et</strong></span> <span class='ocrx_word' id='word_1_359' title='bbox 406 3071 593 3141; x_wconf 78' lang='lat' dir='ltr'><strong>pontificatum.</strong></span> <span class='ocrx_word' id='word_1_360' title='bbox 617 3094 652 3110; x_wconf 82' lang='grc'><strong>-·</strong></span> <span class='ocrx_word' id='word_1_361' title='bbox 682 3069 718 3126; x_wconf 83' lang='lat' dir='ltr'><strong>Ca</strong></span> <span class='ocrx_word' id='word_1_362' title='bbox 741 3109 747 3123; x_wconf 88' lang='lat'><strong>.</strong></span> <span class='ocrx_word' id='word_1_363' title='bbox 788 3074 814 3124; x_wconf 82' lang='lat'><strong>2.</strong></span> <span class='ocrx_word' id='word_1_364' title='bbox 840 3088 919 3140; x_wconf 87' lang='lat' dir='ltr'><strong>quam</strong></span> <span class='ocrx_word' id='word_1_365' title='bbox 941 3079 971 3119; x_wconf 90' lang='lat' dir='ltr'><strong>ut</strong></span> <span class='ocrx_word' id='word_1_366' title='bbox 992 3073 1022 3120; x_wconf 86' lang='lat' dir='ltr'><strong>in</strong></span> <span class='ocrx_word' id='word_1_367' title='bbox 1049 3091 1132 3123; x_wconf 82' lang='lat' dir='ltr'><strong>omues</strong></span> 
     </span>
     <span class='ocr_line' id='line_1_40' title="bbox 185 3091 1131 3212; baseline 0.002 -23"><span class='ocrx_word' id='word_1_368' title='bbox 185 3137 290 3212; x_wconf 80' lang='lat' dir='ltr'><strong>partes]</strong></span> <span class='ocrx_word' id='word_1_369' title='bbox 311 3159 387 3204; x_wconf 84' lang='lat' dir='ltr'><strong>quom</strong></span> <span class='ocrx_word' id='word_1_370' title='bbox 403 3143 431 3194; x_wconf 86' lang='lat' dir='ltr'><strong>iu</strong></span> <span class='ocrx_word' id='word_1_371' title='bbox 448 3143 542 3190; x_wconf 84' lang='lat' dir='ltr'><strong>omneis</strong></span> <span class='ocrx_word' id='word_1_372' title='bbox 557 3153 653 3207; x_wconf 76' lang='lat' dir='ltr'><strong>partes.</strong></span> <span class='ocrx_word' id='word_1_373' title='bbox 671 3165 705 3178; x_wconf 89' lang='lat'>····</span> <span class='ocrx_word' id='word_1_374' title='bbox 720 3091 789 3210; x_wconf 45' lang='lat' dir='ltr'><strong>bap.</strong></span> <span class='ocrx_word' id='word_1_375' title='bbox 808 3136 851 3192; x_wconf 82' lang='grc'><strong>53.</strong></span> <span class='ocrx_word' id='word_1_376' title='bbox 871 3137 1009 3207; x_wconf 80' lang='lat' dir='ltr'><strong>coeperat]</strong></span> <span class='ocrx_word' id='word_1_377' title='bbox 1030 3153 1131 3208; x_wconf 79' lang='lat' dir='ltr'><strong>ceperat.</strong></span> 
     </span>
     <span class='ocr_line' id='line_1_41' title="bbox 185 3207 1130 3278; baseline 0 -18"><span class='ocrx_word' id='word_1_378' title='bbox 185 3233 219 3248; x_wconf 89' lang='lat'>-</span> <span class='ocrx_word' id='word_1_379' title='bbox 243 3207 379 3272; x_wconf 77' lang='lat' dir='ltr'><strong>Achillae]</strong></span> <span class='ocrx_word' id='word_1_380' title='bbox 408 3209 519 3262; x_wconf 74' lang='lat' dir='ltr'><strong>Aetitti.</strong></span> <span class='ocrx_word' id='word_1_381' title='bbox 550 3233 583 3244; x_wconf 91' lang='lat'><em>-</em></span> <span class='ocrx_word' id='word_1_382' title='bbox 613 3211 770 3260; x_wconf 75' lang='lat' dir='ltr'><strong>sanctissimi</strong></span> <span class='ocrx_word' id='word_1_383' title='bbox 799 3219 878 3278; x_wconf 87' lang='lat' dir='ltr'><strong>atque</strong></span> <span class='ocrx_word' id='word_1_384' title='bbox 900 3207 1130 3277; x_wconf 82' lang='lat' dir='ltr'><strong>praestantissimi]</strong></span> 
     </span>
     <span class='ocr_line' id='line_1_42' title="bbox 185 3272 1130 3346; baseline 0.001 -19"><span class='ocrx_word' id='word_1_385' title='bbox 185 3279 344 3328; x_wconf 77' lang='lat' dir='ltr'><strong>sanctissimi</strong></span> <span class='ocrx_word' id='word_1_386' title='bbox 359 3297 391 3327; x_wconf 81' lang='lat' dir='ltr'><strong>ae</strong></span> <span class='ocrx_word' id='word_1_387' title='bbox 405 3278 630 3344; x_wconf 80' lang='lat' dir='ltr'><strong>praestantissimi.</strong></span> <span class='ocrx_word' id='word_1_388' title='bbox 641 3283 675 3315; x_wconf 56' lang='grc' dir='ltr'><strong>-ἒ</strong></span> <span class='ocrx_word' id='word_1_389' title='bbox 693 3274 759 3346; x_wconf 85' lang='lat' dir='ltr'><strong>Cap.</strong></span> <span class='ocrx_word' id='word_1_390' title='bbox 777 3272 821 3330; x_wconf 85' lang='grc'><strong>54.</strong></span> <span class='ocrx_word' id='word_1_391' title='bbox 839 3287 943 3326; x_wconf 77' lang='lat' dir='ltr'><strong>mortuo</strong></span> <span class='ocrx_word' id='word_1_392' title='bbox 961 3274 1045 3342; x_wconf 78' lang='lat' dir='ltr'><strong>alteri,</strong></span> <span class='ocrx_word' id='word_1_393' title='bbox 1064 3276 1130 3328; x_wconf 79' lang='lat' dir='ltr'><strong>alteri</strong></span> 
     </span>
     <span class='ocr_line' id='line_1_43' title="bbox 186 3343 1129 3416; baseline -0.001 -20"><span class='ocrx_word' id='word_1_394' title='bbox 186 3343 335 3416; x_wconf 78' lang='lat' dir='ltr'><strong>superstiti]</strong></span> <span class='ocrx_word' id='word_1_395' title='bbox 355 3345 433 3397; x_wconf 81' lang='lat' dir='ltr'><strong>alteri</strong></span> <span class='ocrx_word' id='word_1_396' title='bbox 448 3348 591 3413; x_wconf 80' lang='lat' dir='ltr'><strong>superstiti.</strong></span> <span class='ocrx_word' id='word_1_397' title='bbox 609 3369 643 3384; x_wconf 80' lang='lat'><strong>¹·</strong></span> <span class='ocrx_word' id='word_1_398' title='bbox 660 3343 769 3396; x_wconf 78' lang='lat' dir='ltr'><strong>*adbuc</strong></span> <span class='ocrx_word' id='word_1_399' title='bbox 785 3344 884 3414; x_wconf 87' lang='lat' dir='ltr'><strong>ubique</strong></span> <span class='ocrx_word' id='word_1_400' title='bbox 902 3343 1030 3409; x_wconf 85' lang='lat' dir='ltr'><strong>nomine]</strong></span> <span class='ocrx_word' id='word_1_401' title='bbox 1055 3346 1129 3399; x_wconf 76' lang='lat' dir='ltr'><strong>adius</strong></span> 
     </span>
    </p>
   </div>
   <div class='ocr_carea' id='block_1_11' title="bbox 185 3409 1128 3532">
    <p class='ocr_par' dir='ltr' id='par_1_11' title="bbox 185 3409 1128 3532">
     <span class='ocr_line' id='line_1_44' title="bbox 185 3409 1128 3532; baseline 0 -69"><span class='ocrx_word' id='word_1_402' title='bbox 185 3415 282 3480; x_wconf 82' lang='lat' dir='ltr'><strong>ubique</strong></span> <span class='ocrx_word' id='word_1_403' title='bbox 297 3416 379 3464; x_wconf 86' lang='lat' dir='ltr'><strong>Iubae</strong></span> <span class='ocrx_word' id='word_1_404' title='bbox 395 3417 502 3471; x_wconf 81' lang='lat' dir='ltr'><strong>nomine.</strong></span> <span class='ocrx_word' id='word_1_405' title='bbox 527 3437 563 3452; x_wconf 90' lang='lat'>-</span> <span class='ocrx_word' id='word_1_406' title='bbox 581 3411 685 3497; x_wconf 81' lang='lat' dir='ltr'><strong>pareri]</strong></span> <span class='ocrx_word' id='word_1_407' title='bbox 711 3433 810 3482; x_wconf 82' lang='lat' dir='ltr'><strong>parere.</strong></span> <span class='ocrx_word' id='word_1_408' title='bbox 826 3437 862 3450; x_wconf 90' lang='lat'><strong>-··</strong></span> <span class='ocrx_word' id='word_1_409' title='bbox 889 3409 956 3532; x_wconf 57' lang='grc'><strong>018.</strong></span> <span class='ocrx_word' id='word_1_410' title='bbox 975 3410 1021 3466; x_wconf 83' lang='lat'><strong>55.</strong></span> <span class='ocrx_word' id='word_1_411' title='bbox 1039 3431 1128 3482; x_wconf 78' lang='lat' dir='ltr'><strong>perte·</strong></span> 
     </span>
    </p>
   </div>
   <div class='ocr_carea' id='block_1_12' title="bbox 186 3479 1127 3616">
    <p class='ocr_par' dir='ltr' id='par_1_12' title="bbox 186 3479 1127 3616">
     <span class='ocr_line' id='line_1_45' title="bbox 186 3479 1127 3552; baseline 0.002 -22"><span class='ocrx_word' id='word_1_412' title='bbox 186 3492 243 3532; x_wconf 84' lang='lat' dir='ltr'><strong>ctus</strong></span> <span class='ocrx_word' id='word_1_413' title='bbox 258 3484 286 3531; x_wconf 90' lang='lat' dir='ltr'><strong>in</strong></span> <span class='ocrx_word' id='word_1_414' title='bbox 303 3481 421 3534; x_wconf 82' lang='lat' dir='ltr'><strong>Africam</strong></span> <span class='ocrx_word' id='word_1_415' title='bbox 436 3482 494 3547; x_wconf 85' lang='lat' dir='ltr'><strong>est]</strong></span> <span class='ocrx_word' id='word_1_416' title='bbox 511 3495 643 3550; x_wconf 77' lang='lat' dir='ltr'><strong>pervectus</strong></span> <span class='ocrx_word' id='word_1_417' title='bbox 664 3502 692 3534; x_wconf 85' lang='lat' dir='ltr'><strong>tn</strong></span> <span class='ocrx_word' id='word_1_418' title='bbox 707 3481 840 3552; x_wconf 79' lang='lat' dir='ltr'><strong>Africam.</strong></span> <span class='ocrx_word' id='word_1_419' title='bbox 863 3502 899 3522; x_wconf 70' lang='grc' dir='ltr'><strong>ν-</strong></span> <span class='ocrx_word' id='word_1_420' title='bbox 948 3479 1079 3546; x_wconf 81' lang='lat' dir='ltr'><strong>teserem]</strong></span> <span class='ocrx_word' id='word_1_421' title='bbox 1104 3483 1127 3536; x_wconf 87' lang='grc'><strong>0.</strong></span> 
     </span>
     <span class='ocr_line' id='line_1_46' title="bbox 189 3547 1127 3616; baseline -0.002 -14"><span class='ocrx_word' id='word_1_422' title='bbox 189 3550 332 3606; x_wconf 81' lang='lat' dir='ltr'><strong>Caesarem.</strong></span> <span class='ocrx_word' id='word_1_423' title='bbox 359 3573 394 3586; x_wconf 92' lang='grc'><strong>·-</strong></span> <span class='ocrx_word' id='word_1_424' title='bbox 429 3555 497 3605; x_wconf 83' lang='lat' dir='ltr'><strong>acies</strong></span> <span class='ocrx_word' id='word_1_425' title='bbox 519 3554 653 3608; x_wconf 76' lang='lat' dir='ltr'><strong>restitute:</strong></span> <span class='ocrx_word' id='word_1_426' title='bbox 679 3562 706 3606; x_wconf 87' lang='lat' dir='ltr'><strong>st</strong></span> <span class='ocrx_word' id='word_1_427' title='bbox 728 3570 743 3606; x_wconf 89' lang='lat' dir='ltr'><strong>s</strong></span> <span class='ocrx_word' id='word_1_428' title='bbox 765 3547 852 3616; x_wconf 82' lang='lat' dir='ltr'><strong>duce]</strong></span> <span class='ocrx_word' id='word_1_429' title='bbox 885 3550 954 3602; x_wconf 73' lang='lat' dir='ltr'><strong>astu</strong></span> <span class='ocrx_word' id='word_1_430' title='bbox 971 3551 1127 3604; x_wconf 79' lang='lat' dir='ltr'><strong>restitutosa</strong></span> 
     </span>
    </p>
   </div>
   <div class='ocr_carea' id='block_1_13' title="bbox 0 0 1214 4280">
    <p class='ocr_par' dir='ltr' id='par_1_13' title="bbox 0 0 1214 4280">
     <span class='ocr_line' id='line_1_47' title="bbox 0 0 1214 4280; baseline 0 1"><span class='ocrx_word' id='word_1_431' title='bbox 0 0 1214 4280; x_wconf 95' lang='lat' dir='ltr'><strong> </strong></span> 
     </span>
    </p>
   </div>
  </div>
 </body>
</html>
