2420 4280
217 383 260 456 96
459 379 647 453 VELLEII
668 381 937 453 PATERGULI

218 519 330 586 solens
350 519 468 607 longae
490 517 583 606 paeis
615 517 725 601 bonis,
742 515 804 610 [et]
820 519 931 584 adulta
953 517 1098 586 viribus
1113 519 1173 584 net

217 605 328 688 matie,
352 603 502 668 omnibns
527 599 690 693 [quo]que
718 616 839 668 tractus
865 603 936 667 eius
955 603 1129 690 gentibus
1151 604 1173 665 iu

218 691 404 756 societatem
445 686 615 767 adductis,
638 687 835 752 ‘constituto
877 709 964 750 arma
1002 687 1172 774 corripuit

217 774 304 837 Tum
323 770 507 835 necessaria
528 771 682 858 gloriosis
703 771 909 860 praeposita:
932 793 1050 858 neque
1081 783 1173 836 tutnn

215 856 340 938 eibum,
364 853 476 920 abdito
498 853 533 918 in
564 854 719 920 interiora
752 855 914 936 exercitu,
940 879 1091 920 vaenum
1123 867 1171 918 tan

216 938 324 1005 vicino
352 939 441 1004 busti
467 935 681 1030 [relinquere]
706 939 844 1004 ltaliam.
889 938 1055 1003 Gentium
1080 939 1170 1004 natio

216 1047 379 1112 numque,
416 1047 501 1112 quae
529 1023 777 1106 rebellaverant,
792 1021 906 1088 omuis
928 1047 1100 1088 numerus
1120 1047 1169 1086 am

148 1173 150 1180 ,
217 1108 305 1198 plius
333 1107 521 1195 octingenta
543 1108 631 1172 milio
659 1109 830 1212 explebatr
852 1107 995 1172 ducenta
1022 1109 1102 1172 fere
1125 1129 1166 1194 pe

217 1192 321 1260 ditum
347 1192 604 1279 colligebantur«,
630 1213 727 1256 armis
756 1190 894 1272 bubilia,
925 1190 1090 1279 equitum·
1125 1213 1164 1254 no

216 1301 300 1342 rem.
346 1275 450 1340 Cuius
465 1277 641 1340 immensae
663 1275 895 1358 multitudinis,
916 1276 1074 1361 parentis
1096 1298 1164 1339 aeer

215 1359 306 1423 rimis
328 1381 365 1422 ae
392 1358 601 1445 peritissimis
627 1360 778 1440 ducibus,
806 1383 881 1446 pars
929 1370 961 1426 et
983 1383 1022 1423 re
1049 1360 1162 1424 Italian
1185 1405 1186 1446 q

115 1459 120 1466 “
216 1443 414 1526 decreverat,
430 1442 574 1507 iunctam
592 1442 660 1508 sibi
678 1444 845 1532 Nauporti,
859 1467 895 1507 ae
942 1445 1091 1530 ergestis
1105 1466 1160 1507 eon

215 1527 311 1594 buioa
375 1551 426 1592 ars
464 1527 499 1591 in
536 1527 760 1594 Macedoniam
783 1529 862 1612 [se]
888 1526 1075 1614 effuderat3
1102 1547 1186 1614 pars¹

213 1611 285 1679 suis
308 1551 442 1676 seriibns
465 1613 665 1699 praesidium
685 1635 760 1676 esse
784 1613 1017 1676 destinaveram
1065 1611 1162 1676 Prima

215 1695 344 1760 duobus
373 1697 556 1760 Batonibus
589 1721 627 1762 ae
659 1695 795 1771 Pinneti
826 1695 965 1760 ducibus
994 1695 1165 1760 auotoritas

215 1789 295 1844 erat.
341 1779 502 1844 Omnibus
532 1792 637 1845 eutem
665 1779 848 1845 Pannoniis
877 1802 943 1843 non
973 1779 1167 1866 disciplinae

214 1864 449 1942 tautummodo,
474 1861 532 1925 sed
553 1863 683 1950 linguae
705 1885 836 1952 qnoque
856 1862 971 1928 notitia
987 1861 1166 1938 Romanae,

215 1944 382 2032 plerisque
404 1945 500 2007 etiam
521 1944 688 2008 literarum
710 1971 816 2030 usus,
840 1956 873 2009 et
901 1946 1075 2010 familiaris
1105 1944 1186 2020 aui-i

213 2050 338 2090 morum
354 2037 421 2089 erat
435 2025 636 2090 exercitatio.
660 2028 789 2115 Itaque,
813 2029 961 2094 bereules
998 2031 1095 2094 nulla
1116 2054 1163 2092 nn·

158 2139 162 2148 ·
214 2131 312 2199 quam
332 2110 421 2174 natio
444 2120 509 2174 tam
523 2121 647 2174 mature
660 2112 801 2176 oonsilio
815 2113 893 2178 belli
907 2076 1032 2176 balium
1049 2113 1164 2186 iunxit,

214 2219 251 2258 ae
270 2195 399 2259 decreta
414 2194 569 2294 patravit.
604 2195 767 2284 Oppressi
783 2198 871 2262 eires
894 2194 1049 2283 Romani,
1074 2197 1164 2262 truri-

214 2279 280 2343 dati
312 2288 549 2366 negotratores,
577 2301 715 2379 magnus
747 2279 989 2346 vexillariorum
1009 2303 1163 2345 uumerus

214 2363 255 2429 ud
276 2362 555 2444 internecionem,
578 2385 616 2427 ea
637 2388 672 2428 ιιι
692 2363 846 2451 regione,
881 2387 965 2451 quae
986 2364 1162 2450 plurimun

212 2447 253 2511 ab
282 2449 477 2534 imperatore
511 2447 641 2530 aberat,
678 2471 804 2512 caesus.
836 2447 1033 2534 ¹Oeenpata
1067 2450 1186 2512 armist

213 2529 425 2612 Macedonia3
457 2531 564 2594 omnia
587 2541 619 2594 et
640 2534 674 2595 iu
697 2531 847 2598 omuibus
867 2530 951 2594 loeis
972 2530 1045 2616 igni
1067 2533 1159 2596 ferre·
1185 2537 1186 2546 ’

260 2634 278 2678 e
299 2621 434 2690 vastata.
480 2613 570 2696 Quin
594 2615 689 2680 etiam
709 2626 817 2679 tantus
838 2613 935 2677 buius
957 2613 1042 2681 beili
1058 2627 1156 2678 metes

188 2732 194 2741 ,
227 2697 293 2779 nit,
307 2707 360 2782 ut
387 2695 536 2762 stabilem
563 2696 656 2762 iilum
678 2710 713 2764 et
732 2700 892 2764 firmatum
913 2707 1073 2761 tantorum
1096 2697 1160 2761 bel·

212 2773 316 2847 lo'rnm
335 2780 537 2866 experientia
567 2779 719 2848 Caesaris
745 2781 894 2868 Augusti
921 2779 1064 2845 animum
1085 2805 1159 2870 qua·

211 2867 294 2926 t'eret
312 2873 410 3011 affine
435 2872 581 2926 terreret.

293 2945 322 3010 ·C
420 2944 534 3009 Habiti
570 2945 681 3034 itaque
711 2949 877 3032 delectus3
899 2945 1042 3012 revocati
1067 2945 1156 3010 undi-

212 3049 276 3132 que
298 3042 331 3095 et
350 3053 462 3094 omnes
481 3031 645 3114 veterani3
676 3032 738 3097 viri
766 3032 905 3096 feminae
930 3053 970 3094 ue
999 3053 1040 3093 ex
1059 3053 1153 3094 ceusu

210 3115 399 3180 bbertinum
430 3112 532 3178 eoacti
558 3114 637 3179 'dare
665 3116 815 3180 militem·
856 3055 980 3179 Arabim
1007 3113 1041 3176 in
1070 3137 1153 3178 sena·
1185 3131 1186 3142 ¹

208 3211 247 3265 tu
267 3223 332 3271 vox
352 3196 457 3288 prinei
484 3197 525 3281 is,
560 3197 686 3265 decimo
709 3201 774 3281 die,
797 3198 834 3263 ni
855 3209 1034 3279 caveretur,
1060 3219 1151 3284 posse
1185 3217 1186 3236 ¹

210 3285 336 3350 bostem
364 3280 399 3348 iu
487 3280 515 3344 is
545 3280 669 3346 Romae
696 3285 807 3348 venire
836 3291 1059 3370 conspectum.
1100 3279 1151 3346 Se·
1185 3313 1186 3352 ι

210 3378 359 3432 natorum
389 3365 601 3454 equitumque
636 3366 857 3432 Romanorum
892 3377 1023 3432 exactae
1058 3363 1150 3430 adid
1185 3357 1186 3420 3

119 3503 121 3509 .
209 3448 332 3516 bellum
362 3471 480 3537 operae
507 3450 577 3533 [ex]
604 3449 778 3538 pollicitati
787 3453 876 3535 [one.
937 3447 1057 3516 Omnia
1078 3449 1149 3512 baee

209 3532 330 3598 ursos
350 3553 649 3622 praeparassemus,
670 3535 750 3618 nisi,
771 3534 832 3624 qui
850 3534 861 3606 ⁸,
888 3557 909 3600 a·
926 3545 1067 3620 regeret,
1081 3531 1137 3604 brit

1066 3591 1186 3652 eu*
