2448 4288
236 417 258 482 2
397 377 402 380 ’
468 407 658 477 vatnam
679 391 949 476 causacum

238 558 385 634 tempora
413 540 526 616 Ldus
556 549 590 605 et
614 539 807 632 Tyrrhenus
837 539 952 604 iratres
983 563 1059 606 cum
1080 523 1204 627 regna·

238 642 312 697 rent
332 629 367 694 iu
381 561 500 714 Lydia,
523 625 694 691 sterilitate
717 625 847 711 frugum
876 625 1053 726 compulsi,
1086 624 1204 688 sortiti

240 725 329 792 sunt,
346 722 418 775 uter
434 723 513 775 'cum
534 720 626 799 parte
642 707 862 776 multitudinis
880 721 985 796 patrm
1007 707 1202 773 decederet.

167 843 168 854 l
240 797 320 863 Sors
349 795 556 881 Tyrrhenum
585 791 740 879 contigit:
777 804 951 880 pervectus
986 794 1026 858 in.
1051 792 1202 874 Italiam,

241 891 274 958 ct
295 879 368 944 loco
392 890 424 942 et
436 878 551 944 incolis
574 888 607 942 et
628 876 709 942 mari
723 876 835 942 nobile
859 899 896 942 ac
914 887 1118 966 perpetuum
1136 902 1156 940 a
1170 901 1202 942 se

240 985 359 1028 nomen
389 961 490 1032 dedit.
541 961 626 1026 Post
653 959 783 1030 Orestis
799 961 984 1026 interitum
1017 960 1080 1024 lilii
1112 962 1201 1042 eius,

126 1049 127 1052 ’
240 1045 413 1117 Penthilus
436 1057 469 1111 ct
489 1044 699 1127 Tisamenus,
720 1067 895 1132 regnavere
916 1046 1072 1110 triennio.
1099 1099 1109 1110 .

324 1131 372 1198 ll.
396 1130 498 1213 Tum,
520 1130 588 1195 lere
610 1152 694 1194 anno
723 1129 926 1217 octogesimo
955 1139 1032 1218 post
1059 1127 1202 1194 Troiam

240 1227 381 1304 captam,
404 1213 581 1280 centesimo
604 1225 636 1278 et
658 1212 828 1297 vicesimo,
850 1236 948 1303 quam
963 1213 1139 1278 'Hercules
1164 1215 1202 1278 ad

241 1301 320 1364 deos
348 1308 549 1380 excesserat,
584 1295 667 1362 Pelo
694 1297 721 1362 is
755 1297 952 1400 progenies,
990 1320 1075 1384 quae
1108 1299 1200 1388 omni

229 1385 305 1448 ‚hoe
331 1393 492 1470 tempore,
525 1381 631 1469 pulsis
695 1381 868 1466 eraclidis,
891 1380 1123 1470 Peloponnesi
1148 1383 1201 1446 im-

152 1493 157 1497 ·
242 1466 370 1558 perium
391 1465 593 1547 obtinuerat,
626 1465 666 1530 ab
697 1465 851 1530 Herculis
878 1464 1037 1554 progenie
1059 1467 1213 1553 expelli,

242 1563 307 1618 tur.
358 1551 470 1616 Duces
501 1549 718 1636 recuperandi
744 1549 874 1638 imperii
900 1551 991 1615 lucre
1012 1548 1199 1633 Temenus,

242 1634 479 1723 Cresphontes,
505 1633 750 1717 Aristodemo,
773 1657 912 1721 quorum
933 1635 1054 1700 abavus
1077 1634 1198 1700 lucrat.

242 1719 369 1800 Eodem
398 1720 466 1783 lere
498 1727 645 1806 tempore
675 1719 829 1782 Athenae
847 1719 922 1795 ,suh
952 1717 1088 1804 regilius
1128 1743 1200 1783 csse

244 1802 428 1867 desierunta
460 1825 597 1890 quarum
625 1801 761 1867 ultimus
789 1824 849 1866 rex
875 1802 937 1866 luit
958 1801 1100 1885 Codrus,
1134 1803 1199 1868 lllc·

127 1958 129 1968 ,
242 1885 347 1951 lanthi
367 1885 468 1968 filius,
486 1885 536 1950 vir
556 1907 622 1948 nun
643 1886 911 1974 praetereundus.
957 1885 1105 1974 Quippe,
1128 1912 1199 1954 cum

243 1968 494 2035 Lacedaemonii
539 1969 606 2034 ravi
632 1969 719 2035 hello
751 1971 883 2035 Atticos
912 1981 1122 2058 premerent,
1154 1996 1197 2036 re·

244 2053 498 2142 spondissctque
551 2052 673 2140 ytltius,
703 2077 842 2142 quorum
872 2055 938 2119 dux
958 2053 1006 2118 'ab
1032 2055 1131 2120 hoste
1155 2080 1197 2120 cs-

245 2147 295 2203 set
316 2135 457 2220 occisus,
477 2159 533 2202 cos
555 2138 683 2202 futuros
706 2139 911 2241 superiores:
936 2138 1087 2226 deposita
1105 2153 1197 2206 veste

244 2220 347 2322 reqia,
375 2221 574 2310 pastoralem
603 2223 727 2287 cultum
748 2222 869 2306 mduit,
891 2223 1126 2312 immixtosque
1151 2247 1196 2289 ca·

245 2317 321 2380 stris
354 2306 517 2390 hostium,
553 2306 796 2395 imprudenter,
832 2307 872 2371 de
905 2307 1065 2371 industria
1093 2309 1196 2374 rixam

245 2391 348 2473 ciens,
371 2388 585 2478 interemptas
606 2400 667 2455 est.
712 2390 856 2455 Codrum
877 2414 949 2454 cum
971 2401 1081 2456 morte
1097 2405 1196 2458 acter-

126 2530 127 2536 ,
245 2498 286 2538 na
309 2474 425 2562 gloria,
448 2476 670 2540 Athenienses
695 2486 806 2540 secuta
838 2474 974 2540 victoria
1002 2475 1063 2540 est.
1093 2477 1195 2560 ¹Quis

246 2581 321 2622 eum
341 2581 408 2620 nou
429 2559 575 2640 miretur,
598 2557 666 2645 qui¹
682 2557 725 2622 iis
747 2557 1026 2632 artibusmortem
1050 2565 1195 2648 quaesie-

246 2641 301 2722 rit,
325 2641 446 2729 quibus
468 2642 508 2706 ab
537 2641 671 2727 ignavis,
694 2641 760 2706 vita
792 2642 908 2729 quaeri
936 2643 1044 2708 soleti
1086 2645 1193 2710 Huius

178 2801 181 2810 1
246 2726 333 2790 filius
349 2723 473 2790 Medon
494 2724 624 2814 primus
641 2726 762 2789 archon
775 2726 918 2790 Athenis
939 2726 1012 2790 luit.
1057 2729 1112 2791 Ab
1134 2731 1194 2794 hoc

223 2866 231 2878 ,
246 2808 368 2908 posteri
400 2809 487 2895 apud
516 2808 646 2873 Atticos
676 2807 756 2872 dicti
787 2809 1016 2887 Medontidae:
1055 2811 1112 2876 scd
1143 2815 1193 2878 hie

249 2892 524 2980 insequentesque
544 2892 835 2980 archontesusque
851 2893 893 2957 ad
908 2893 1102 2982 Charopem,
1118 2897 1193 2961 dum

247 2977 405 3059 viverent,
420 2999 493 3040 eum
511 2976 667 3040 honorem
690 2976 901 3064 usurpabant.
946 2977 1190 3065 Peloponnesii,

248 3061 468 3148 digredientes
490 3059 609 3126 linibus
631 3059 767 3144 Atticis,
789 3059 843 3124 lllc
856 3084 967 3146 ¹aram,
984 3057 1121 3126 mediam
1135 3065 1191 3128 Co·

212 3149 215 3154 ⁴
247 3140 355 3212 riutllo
382 3145 590 3234 Athenisque
620 3143 745 3226 urbem,
776 3083 961 3208 condidere.
1007 3147 1055 3210 Ea
1075 3158 1190 3236 tempe-

248 3242 330 3296 state
352 3241 386 3295 et
414 3229 522 3316 Tyria
541 3229 670 3310 elassis,
693 3227 870 3315 plurimum
893 3229 1022 3316 pollens
1046 3229 1136 3309 mari,
1160 3231 1189 3296 in

249 3314 361 3380 ultimo
387 3313 568 3402 Hispaniae
594 3323 711 3394 tractu,
741 3311 775 3374 in
804 3324 947 3377 extremo
974 3314 1079 3378 nostri
1106 3317 1190 3380 urhis

213 3445 216 3452 -
249 3399 399 3481 termino,
428 3398 569 3476 insulam
590 3395 826 3461 'circumfusam
848 3395 994 3480 Oceano,
1017 3399 1189 3498 perexiguo

250 3505 267 3544 a
294 3481 474 3546 continenti
504 3481 642 3558 diyisam
679 3480 776 3562 freto,
806 3479 915 3545 Gades
937 3483 1095 3548 condidit.
1137 3486 1188 3551 Ah

250 3563 365 3630 iisdem
388 3576 464 3654 post
486 3587 608 3653 paucos
630 3585 733 3628 annos
754 3564 789 3630 iu
810 3563 927 3634 Africa
949 3564 1044 3632 Utica
1067 3569 1187 3634 condita
