2420 4280
198 403 257 470 100
443 392 634 464 VELLEII
669 393 938 464 PATERCULI
977 443 980 450 .

194 532 371 625 quentibus
396 528 616 618 disciplinam,
648 527 812 630 qnatenus
832 527 984 628 exemplo
1006 519 1080 594 noir
1103 551 1158 592 no·

194 621 340 703 rebatur,
364 615 512 704 ignorit,
542 612 722 680 admonitio
744 614 899 701 frequens
921 623 1030 678 morat
1052 623 1088 677 et
1111 637 1159 676 ea-

195 705 347 792 stigatio,
386 699 533 767 vindicta
571 697 757 764 rarissima:
792 694 974 786 agebatque
1009 697 1158 762 medinm

195 789 335 878 plurima
365 782 624 862 dissimulantis,
655 781 766 870 aliqua
798 780 991 847 inhibentis.
1035 779 1158 846 'Hiems

195 871 449 936 emolumentum
483 867 589 954 'atrati
610 865 690 932 belli
712 866 872 950 eontulit,
901 877 934 948 et
962 865 1159 953 insequenti

196 965 316 1020 aestate
345 953 453 1018 omnis
513 951 673 1032 annonia,
703 949 854 1037 reliqniis
884 949 985 1022 totius
1016 950 1104 1016 belli
1125 951 1158 1014 in

196 1038 358 1106 Delmatia
386 1036 614 1116 manentibus,
642 1057 755 1123 pacem
781 1033 891 1121 petiit.
934 1033 1102 1100 Ferocem
1123 1034 1157 1098 il·
1202 1083 1203 1090 κ

197 1127 261 1190 lam
283 1134 331 1187 tot
351 1121 479 1187 milium
499 1120 722 1202 iuventutem,
743 1117 844 1205 paulo
867 1128 941 1183 ante
962 1119 1157 1184 servitutem

84 1283 86 1288 ,
197 1204 349 1274 minatam
375 1205 508 1288 ltaliae,
534 1205 759 1271 eonlmentem
782 1224 893 1284 ¹arma,
917 1201 1072 1290 qui[bus]
1100 1227 1156 1266 usa

198 1306 266 1356 erat
294 1289 384 1377 apud
411 1291 532 1354 llumeu
560 1287 691 1352 nominc
720 1285 918 1367 Bathinum,
946 1299 1157 1372 prostes-nen·
1202 1311 1203 1340 l

198 1388 327 1461 temque
353 1395 388 1436 se
418 1372 602 1454 universam
630 1371 769 1456 genibus
796 1369 1022 1457 imperatoris,
1058 1370 1157 1436 Bato·
1202 1419 1203 1422 ,

161 1471 166 1475 '
199 1480 337 1546 nemque
362 1466 395 1520 et
415 1455 603 1538 Pinnetem,
615 1453 862 1530 ·cxcelsis'simos
885 1455 999 1537 duces,
1023 1467 1158 1542 captum

198 1544 346 1623 alterum,
370 1537 536 1630 [alterum]
568 1563 643 1618 ase
664 1537 824 1621 deditum,
856 1537 952 1602 iustis
982 1539 1157 1605 volumini·

199 1628 259 1691 bns
281 1625 395 1690 ordine
416 1623 632 1707 narrabimus,
649 1633 686 1686 ut
707 1646 816 1711 spero.
858 1623 1031 1688 Autumno
1053 1623 1159 1690 vietor

199 1711 231 1775 in
260 1709 582 1774 biberna‘redueitur
600 1707 775 1789 exercitus,
810 1706 905 1772 ouius
927 1707 1083 1772 omnibns
1109 1731 1158 1772 eo·

201 1794 264 1882 piis
294 1791 341 1883 [a]
371 1793 510 1858 Caesare
536 1791 584 1857 Μ.
614 1791 763 1880 Lepidus
792 1792 978 1878 pnaefectus
1009 1802 1079 1874 est,
1108 1792 1160 1858 vir
1202 1821 1203 1864 t

201 1876 325 1942 nomini
354 1901 391 1940 ae
424 1878 575 1962 fortunae
611 1898 723 1940 eorum
749 1875 947 1962 proximus:
988 1899 1087 1962 quem
1121 1877 1157 1941 in

200 1973 356 2049 quantum
380 1960 522 2046 quisque
549 1967 606 2021 aut
634 1981 853 2043 cognoscere,
880 1969 941 2022 ant·
964 1958 1158 2048 intelligere
1202 1993 1203 2008 π

201 2045 323 2132 potnit,
347 2038 528 2107 intantum
548 2038 686 2116 miratur
706 2065 743 2105 ne
765 2042 896 2129 diligit,
924 2053 1158 2133 tantorumque
1202 2111 1203 2116 ,

200 2127 380 2206 nominum,
402 2126 522 2216 quibas
545 2133 636 2190 ortus
665 2134 735 2209 est,
762 2137 990 2210 ¹ornamentum
1016 2126 1155 2200 iudicat.

284 2211 392 2278 CXV„
432 2211 560 2276 ¹Caesar
581 2209 623 2274 ad
643 2210 877 2276 alteram-belli
893 2210 1071 2276 Delmatici
1089 2237 1157 2278 mo

199 2297 264 2361 lem
285 2296 428 2361 animum
449 2306 545 2382 atque
568 2317 656 2358 mma
678 2293 843 2359 contudit,
871 2293 1053 2382 loquare
1075 2295 1157 2362 ione
1202 2287 1203 2368 ᾗ

224 2381 297 2446 uali.
310 2380 459 2444 adiutore
481 2381 656 2478 legatoque
679 2379 777 2444 fratre
798 2401 887 2460 meo,
903 2377 1015 2466 Magio
1068 2380 1157 2446 clere

185 2405 385 2543 leuatam,
411 2463 580 2546 nauscit,
609 2463 716 2550 ipsine
739 2460 907 2552 patrisque
934 2463 1005 2528 cius
1026 2465 1156 2552 praedi-

201 2547 326 2614 catione
353 2558 504 2612 testatum
526 2559 596 2630 cst,
622 2545 957 2632 set-amplissimorum
980 2547 1154 2629 donorum,

200 2631 319 2721 quibus
349 2632 556 2731 ‚triumphans
590 2653 664 2692 eum
700 2629 820 2694 Caesar
853 2629 1006 2716 donavit,
1045 2631 1155 2719 signat

200 2715 381 2782 memoria·
408 2715 509 2780 lartio
531 2713 670 2800 aetatis
682 2713 845 2800 Lepidus,
868 2716 985 2780 educto
1006 2716 1154 2781 hibernis

193 2799 364 2882 exercitu,
392 2823 453 2886 per
477 2810 593 2885 gentes
621 2797 767 2884 integras
794 2798 1019 2886 immunesque
1046 2799 1155 2865 adhue

200 2883 291 2948 clade
315 2883 412 2965 belli,
443 2893 476 2947 et
504 2905 543 2946 eo
571 2882 696 2946 feroces
727 2907 764 2947 ae
782 2893 914 2965 truces,
943 2883 1081 2949 tendens
1112 2886 1153 2949 ad

106 3033 108 3038 ,
199 2966 370 3034 Tiberium
397 2967 647 3053 imperatorem,
682 2977 717 3030 et
747 2991 820 3032 enm
837 2966 1036 3032 difficultate
1064 2968 1152 3034 loco·
1202 2975 1203 3000 ³

199 3077 283 3136 rum,
307 3063 340 3116 et
364 3076 437 3116 cnm
457 3050 490 3116 vi
511 3051 654 3116 hostium
675 3049 830 3134 luctatus,
851 3075 971 3138 magna
993 3075 1066 3116 cum
1089 3054 1151 3118 ela·

199 3138 239 3204 de
265 3135 512 3219 obsistentium,
541 3133 661 3200 excisis
683 3134 793 3221 egris,
825 3135 951 3202 caustis
979 3135 1150 3218 aediliciis,
1202 3155 1203 3164 ¹

168 3281 172 3309 ,
199 3223 303 3288 caesis
325 3221 417 3302 viris,
430 3220 535 3285 laetus
557 3218 696 3292 victoria
716 3219 902 3307 praedaque
920 3230 1058 3284 onustus
1079 3243 1151 3307 per,-
1202 3255 1203 3262 κ

167 3317 172 3383 j
200 3307 287 3371 venit
307 3305 349 3370 ad
372 3303 560 3369 Caesarem
584 3316 616 3368 ct
639 3303 680 3368 ob
701 3325 797 3390 qnae,
820 3302 849 3368 si
860 3303 1013 3391 *propriis
1033 3304 1150 3391 gessis-
1202 3325 1203 3378 t

199 3403 249 3455 set
269 3413 328 3456 aus
354 3388 441 3474 iciis,
459 3389 661 3476 triumphare
680 3387 847 3470 debuerat,
864 3389 1076 3452 ⁴ornamentis
1097 3389 1150 3453 tri-

200 3413 428 3560 umphalibus,
460 3474 684 3540 consentiente
715 3495 789 3536 eum
817 3471 939 3537 iudicio
967 3472 1149 3565 principum

200 3559 364 3624 voluntate
391 3568 559 3642 senatus,
577 3552 745 3647 [donatam]
769 3568 829 3622 est.
874 3555 936 3622 llla
959 3567 1066 3623 aestas
1087 3581 1150 3622 ma-
