2448 4288
187 395 283 464 22-
446 342 636 460 vaenue
662 375 933 472 ecunacum
982 449 984 453 ,

130 615 134 620 Ι
188 523 355 618 iugulatus
370 537 441 592 2212
463 526 631 628 Gracchus
649 527 855 629 profugiens,
883 551 958 627 eum
979 527 1045 592 1222
1062 549 1159 628 2222-

188 612 445 702 prehenderetur
466 611 508 675 212
522 635 577 695 22,
600 635 684 699 quos
698 612 851 700 02222222
871 622 1017 696 miserat,
1043 635 1158 678 ccm-

78 704 80 708 ’
189 721 260 763 cem
283 697 418 785 Euporo
442 718 536 761 servo
559 695 729 784 praebuit,
759 695 819 784 qni
835 719 915 762 ,non
946 695 1086 782 2222122
1113 718 1158 762 sc

189 804 262 930 upse
285 779 467 864 interemit,
500 803 598 867 quam
630 779 762 862 domino
793 792 1010 846 succurreret.
1069 779 1157 864 Quo
1209 839 1210 842 ,

212 887 242 929 22
263 863 292 929 21
326 863 441 950 ,alaris
466 863 645 951 Pomponii
675 865 796 952 equitis
818 865 961 930 Romani
988 864 1024 928 in
1046 863 1158 930 Grae·

102 981 104 988 2
189 887 490 1032 chumhdesfuir,
518 946 577 1036 qui
594 971 684 1014 more
714 947 864 1032 Coclitis,
894 947 1089 1014 sustentatis
1113 948 1156 1012 in

213 1044 289 1098 onte
317 1029 466 1108 hostibus
495 1023 979 1119 2122,22””“”1’“1ᾒ“““2“2“11111111111.ι
1009 1031 1056 1097 Ut
1087 1031 1152 1098 Ti.

204 1117 329 1194 Ὶ2222121
359 1127 453 1183 22122
482 1140 615 1217 eorpus,
646 1115 691 1181 ita
723 1116 810 1200 Gaii,
842 1116 923 1182 mira
952 1116 1155 1182 crudelitate

188 1201 364 1285 victorum,
388 1200 422 1264 in
441 1200 591 1265 Tiberim
607 1201 769 1266 deiectum
789 1211 851 1265 est.
948 1209 960 1238 ⁵

228 1323 231 1327 ·
272 1281 353 1350 VII.
383 1284 482 1352 Hune
507 1284 564 1348 Ti.
598 1283 738 1350 Gracchi
761 1284 870 1368 liheri,
900 1285 942 1349 Ρ.
972 1284 1151 1373 Scipionis

188 1367 340 1433 Africani
363 1378 514 1455 nepotes,
536 1368 610 1432 viva
632 1368 1033 1453 adhuomatre'Curnelia,
1053 1369 1152 1433 Atri-

189 1452 354 1535 eanifilia,
378 1451 440 1518 viri
454 1451 587 1541 optimis
599 1451 741 1540 ingeniis
762 1455 846 1518 male
869 1453 934 1536 usi,
960 1454 1046 1519 vitae
1059 1475 1151 1518 mor·

188 1537 297 1625 tisque
318 1537 460 1622 122122222
483 1536 618 1612 exitum.
670 1537 740 1621 Qui
767 1537 797 1601 si
821 1537 950 1603 civilem
974 1537 1007 1600 di
1053 1536 1150 1602 itatis

190 1621 424 1710 concupissent
452 1620 605 1704 modum,
633 1622 709 1722 quic
734 1621 791 1685 uid
820 1620 1004 1687 1222211222
1029 1644 1047 1685 2
1077 1620 1150 1685 adi·

212 1704 273 1770 isei
310 1704 512 1792 gestierunt,
551 1705 672 1793 qnietis
709 1704 884 1770 otulisset
910 1729 963 1788 res
994 1705 1147 1794 publiea.

188 1729 278 1854 11212
306 1788 468 1854 atrocitati
489 1788 656 1864 ,adiectum
679 1788 787 1854 222122
816 1789 962 1854 unicum.
1008 1788 1150 1876 Quippe

188 1871 329 1955 iuvenis,
349 1872 460 1962 specie
479 1873 656 1956 excellens,
680 1874 820 1939 necdum
843 1873 1149 1938 duodevicesimam
1209 1879 1210 1960 1

131 1999 136 2006 ·
188 1967 411 2043 transgressus
426 1979 558 2038 annum,
582 1956 802 2045 immunisque
827 1956 1021 2025 delictorum
1036 1967 1148 2044 pater·
1207 1989 1210 2042 2

180 2039 441 2122 “222·222,Ι121111
458 2039 570 2104 Flacci
585 2041 685 2122 111122,-
716 2065 813 2129 quem
830 2052 923 2130 22122·
945 2043 1090 2128 legatum
1102 2042 1147 2107 de
1209 2091 1210 2102 .

190 2123 434 2191 conditionibus
457 2122 601 2208 miserat,
625 2124 664 2190 212
688 2124 820 2213 Opimio
845 2126 1058 2212 interemptus
1077 2136 1143 2190 est.
1209 2197 1210 2206 ¹

190 2207 298 2308 Quem
321 2208 580 2296 cumharnspex
608 2209 753 2290 Tuscus,
780 2210 918 2292 amiens,
947 2209 1078 2274 dentem
1107 2210 1145 2274 in
1209 2255 1210 2258 κ

188 2291 319 2358 2222212
344 2291 421 2357 duci
440 2293 589 2376 vidisset,
614 2293 705 2377 Quin
727 2301 772 2359 tn'
785 2295 848 2358 hoc
870 2293 996 2381 potius,
1019 2293 1145 2380 inquit,

190 2377 299 2442 122121
326 2375 555 2467 protinusque,
577 2377 665 2442 illiso
691 2379 797 2466 capite
820 2378 855 2442 in
870 2388 999 2466 postem
1018 2375 1145 2466 lepide·
1209 2387 1210 2450 ff

189 2483 245 2526 um
271 2459 386 2526 ianuae
401 2459 561 2544 carceris,
580 2462 752 2550 effusoque
779 2461 926 2544 eerchro,
950 2462 1142 2549 exspiravit.
1209 2489 1210 2500 ¹

190 2543 413 2634 Crudeles-qne
427 2568 504 2609 mox
519 2544 726 2632 quaestiones
743 2545 778 2609 in
800 2545 922 2610 amieos
939 2547 1144 2634 clientesque
1209 2569 1210 2618 ;

99 2698 103 2704 A
189 2628 409 2706 Gracchorum
434 2627 563 2692 habitae
597 2642 684 2696 suut.
735 2629 803 2696 Sed
822 2629 1012 2718 Opimium,
1036 2629 1144 2696 virum

190 2712 313 2800 alioqui
337 2711 484 2778 sanctum
503 2722 696 2811 2122221222,
717 2713 903 2778 damnatum
924 2727 1037 2802 postea
1057 2715 1143 2778 iudi·

190 2796 241 2861 cio
265 2796 412 2884 publico,
438 2819 592 2860 memorre
612 2797 708 2862 istius
732 2798 885 2864 saevitiae
921 2798 1012 2880 nulla
1032 2798 1140 2864 civilis

190 2891 365 2968 prosecuta
384 2889 440 2943 cst
465 2879 700 2950 misericordia.
721 2885 724 2891 ’
742 2881 866 2946 Eadem
922 2907 943 2946 u
969 2882 1061 2947 ilium
1076 2883 1140 2946 Po-
1209 2893 1210 2900 ’

190 2962 397 3053 pilliumque,
414 2961 472 3062 qni
493 2965 644 3029 eonsules
666 2965 840 3066 asperrime
860 2965 896 3030 in
950 2992 972 3032 2.
1001 2963 1140 3033 Gracchi
1209 2991 1210 3032 1

189 3048 310 3116 amieos
339 3058 536 3130 2222222221,
567 3061 683 3148 222122
711 3049 907 3115 iudiciorum
934 3050 1140 3138 publicorum

189 3131 307 3197 merito
329 3131 495 3218 oppressit
511 3131 643 3197 invidia.
688 3133 753 3199 Rei
773 3145 880 3198 tantae
897 3135 1068 3223 parumad
1083 3159 1139 3200 no·
1209 3185 1210 3204 .

191 3216 294 3284 titiam
318 3215 486 3302 pertinens
503 3216 743 3304 interponatur.
800 3218 867 3282 Hie
893 3229 944 3282 221
971 3217 1137 3305 Opimius,

190 3323 209 3364 2
224 3323 290 3387 222
314 3299 449 3366 consule
467 3299 712 3366 celeberrimum
727 3301 896 3390 Opimiani
912 3302 982 3367 vini
999 3325 1135 3366 nomen:

191 3382 357 3470 quodiam
375 3383 502 3449 nullum
516 3407 610 3470 esse,
626 3387 733 3475 spatio
751 3409 910 3452 annorum
933 3386 1047 3472 colligi
1093 3397 1137 3452 ot-

184 3478 253 3548 est,
284 3468 418 3532 camah
443 3491 481 3531 eo
506 3467 573 3534 sint
592 3468 634 3534 ad
656 3482 701 3554 te,
730 3469 779 3536 Μ.
801 3455 930 3554 Vinici,
957 3410 1136 3554 22222112,

190 3552 267 3634 anui
289 3563 418 3619 eentum
437 3553 676 3641 qninquaginta
697 3578 796 3620 unus.
839 3555 977 3624 Factum
1000 3553 1136 3644 Opimii,
