2462 4278
970 397 1034 440 XXV

17 529 22 550 ¹
82 510 174 574 dnm.
193 508 362 574 Puteanus
378 505 464 572 enim
483 507 594 574 Marii
613 527 745 588 nomen,
763 503 884 572 omisso
900 524 1034 593 praeno·

81 610 400 693 mine,inserendnm
416 609 555 676 censuit.
568 608 792 674 (lectissimam
808 605 1034 672 eutemttutm·
1095 669 1099 674 .

80 713 177 779 keoii'
187 713 445 782 emendationem
460 701 691 793 Frotseberub,
708 709 841 776 nemine
865 708 906 774 0.
926 710 1035 774 Marii
1141 740 1149 748 ·

41 885 43 892 ,
81 814 217 900 omisso,
234 813 404 902 depravari
415 837 533 900 pessus
550 823 773 902 est—quent
792 815 867 876 eeoi
883 812 1031 904 poterut]

25 953 44 992 ‚v
79 913 261 999 Vulgetum
275 913 417 978 retinui:
441 937 548 1002 neque
566 923 673 982 tumen
694 911 874 994 intercedo,
892 935 958 997 quo
975 913 1033 978 mi·

4 1005 9 1022 ’
80 1039 159 1103 nps,
174 1039 275 1103 quum
289 1019 413 1106 inspecti,
435 1016 539 1102 prima
556 1014 655 1080 buius
674 1014 826 1082 vocabuli
849 1014 1032 1099 syllaba'ab

80 1115 286 1183 antecedenti
306 1143 406 1210 quem
424 1117 589 1204 absorpta,
609 1117 644 1182 in
666 1121 743 1184 eeui
761 1116 851 1182 abire
874 1116 1031 1202 potnerit,

38 1268 39 1271 ,
81 1243 123 1284 ex
136 1229 193 1283 tue
207 1219 433 1284 emendatione
449 1243 550 1308 quotu
569 1218 695 1310 irrpereii
709 1220 843 1307 paterni
861 1219 1032 1284 scribatur.

81 1321 238 1386 -ntulta
251 1318 452 1415 fortiterque
464 1321 608 1406 melitus]
626 1321 723 1402 Vide,
735 1345 777 1400 ne
788 1321 938 1388 Velleius
952 1325 1033 1390 met-
1140 1311 1145 1322 ’

80 1435 117 1488 te
132 1433 264 1488 strenue
274 1422 471 1519 fortiterque
486 1424 630 1506 molitus,
639 1425 691 1490 vel
700 1423 806 1488 simile
820 1424 900 1512 quid
916 1448 1033 1514 posue·
1087 1485 1095 1496 .

45 1597 48 1608 ¹
78 1527 134 1590 rit.
149 1525 224 1590 Liv.
239 1524 391 1610 xx1„4.
409 1528 468 1591 ubi
484 1527 566 1614 quid
578 1524 715 1611 fortiter
729 1551 769 1610 ee
788 1537 924 1592 strenue
937 1551 1033 1618 open·

78 1633 160 1696 dem
175 1641 268 1696 esset.
277 1666 319 1676 -
330 1651 437 1719 neque
452 1629 592 1717 usquam
604 1625 746 1713 inferior
757 1631 888 1694 uerunt
900 1633 1031 1717 consul]

78 1733 155 1810 Hoc
173 1743 235 1815 est,
259 1729 400 1794 lirensio
420 1729 611 1817 sirepotius
626 1729 824 1794 Ruhnkenio
841 1731 1032 1821 interprete,
1100 1722 1105 1734 ¹

79 1833 197 1901 consul
207 1833 302 1898 baud
316 1833 472 1921 iudipuus
483 1835 613 1898 uomiue
626 1835 799 1899 Metione.
823 1827 918 1900 luvet
931 1836 1031 1922 enim,
1083 1847 1089 1856 '

79 1960 181 2024 quum
195 1935 287 2022 prior
300 1933 450 2000 vocabuli
461 1930 533 2000 esui
544 1935 614 2000 sive
636 1936 750 2002 cermel
769 1935 893 2022 syllaba
908 1960 926 2002 e
939 1961 1033 2027 prae·
1105 2014 1117 2036 .-

79 2039 211 2106 cedenti
231 2040 362 2104 tremine
379 2036 561 2124 intcreepta
576 2036 632 2121 sit,
647 2047 679 2102 et
692 2061 873 2126 pronomen
885 2041 925 2123 is,
944 2043 1033 2128 quod
1143 2037 1146 2042 ¹

77 2141 241 2230 seqnitur,
257 2138 431 2226 posteriori
445 2137 638 2222 adhaeserit,
654 2138 689 2202 in
707 2139 856 2204 Sentenii
876 2153 908 2206 et
928 2142 1031 2231 liran-
1099 2183 1106 2190 ·

5 2228 17 2314 ,¹
77 2245 120 2310 sii
135 2241 360 2310 emendatione
380 2237 653 2325 adquiescere.-
670 2237 918 2328 Quequontum
932 2244 1032 2313 buius

74 2349 204 2440 pieriae
235 2343 413 2437 famaeque
442 2341 599 2410 accessit!
637 2341 761 2404 Aliena
793 2367 882 2416 nune
909 2350 1031 2418 venue
1061 2351 1073 2370 ¹

76 2452 209 2532 eminet,
228 2448 363 2534 proprie
381 2443 473 2526 latet]
490 2442 540 2506 lta
561 2440 775 2530 probabiliter
794 2444 928 2530 quidem
942 2449 1029 2516 bunc

6 2557 7 2566 ’
76 2555 183 2630 locum
198 2547 369 2637 reparasti.
391 2547 508 2634 Neque
526 2556 633 2610 tamen
652 2544 782 2631 singula
796 2550 1026 2634 praestiterim.

74 2694 117 2704 -
141 2653 221 2741 Cap.
243 2652 298 2718 27.
319 2649 442 2730 solent]
460 2647 625 2712 Velleium
646 2649 710 2714 boe
729 2651 901 2738 posuisse,
922 2679 1030 2746 neque

74 2779 179 2842 nego,
208 2775 316 2840 neque
344 2751 465 2815 infitias
495 2773 546 2815 eo.
576 2751 735 2818 Burerius
769 2765 895 2841 umen,
926 2783 1028 2848 quom

20 2845 23 2852 “
73 2856 228 2924 librarius
249 2852 344 2917 facile
365 2851 411 2915 ita
431 2874 568 2951 peecare
588 2853 745 2940 potuerit,
776 2866 813 2922 ut
838 2859 946 2926 solent
965 2887 1026 2951 pro

72 2961 191 3026 sol'eut
210 2956 282 3020 sive
302 2955 448 3018 solerent
468 2954 637 3037 scriberet,
669 2954 733 3020 boe
754 2956 807 3021 illi
827 2959 1026 3029 substituen-

35 3105 36 3112 ,
71 3063 151 3126 dnm
180 3079 266 3139 esse,
296 3078 363 3118 non
396 3065 515 3144 temere
543 3056 729 3142 suspicatus
760 3071 822 3126 est.
866 3063 1027 3131 Similiter

11 3217 18 3232 .
49 3161 161 3228 'euim
196 3159 282 3224 infra
317 3179 389 3243 cap.
427 3154 479 3220 59.
506 3157 703 3245 pollicentur
733 3181 793 3248 pro
819 3163 1027 3250 pollie'eutur

73 3264 143 3330 sive
153 3261 398 3352 pollicerentur
423 3257 458 3322 in
480 3258 593 3324 codiee
614 3263 788 3350 reperitur.
832 3265 913 3331 Vid.
939 3268 1025 3334 Dra·
1123 3285 1126 3292 ’

73 3365 251 3431 lrenborch.
283 3362 324 3426 ad
352 3360 426 3427 Liv.
455 3349 625 3446 XXXIX,
662 3365 716 3449 52,
746 3365 778 3430 6.
814 3404 857 3416 -
883 3370 1022 3457 nultum]

74 3466 232 3534 Feebsius
259 3474 366 3530 reete:
400 3466 471 3532 Pro
499 3465 661 3532 uultum
695 3467 862 3552 Velleius,
901 3469 1022 3560 inquit,

670 3612 672 3616 ·
785 3573 814 3638 Β
