2420 4280
192 441 451 510 nrsrxnou.
478 418 892 544 marcomanos.
967 449 1022 518 ar

89 581 223 647 emnam
252 578 493 668 prosperrime,
529 592 662 669 accepta
691 581 732 648 in'
756 580 931 669 Germania
958 584 1021 650 ela-
1116 626 1122 648 ι

46 605 88 667 f
511 665 518 681 .
665 666 672 682 .

47 637 123 730 (les
146 665 207 730 snb
229 665 338 750 legato
360 664 408 730 Μ.
431 665 555 746 tolno,
585 667 716 731 homme
738 667 774 732 in
795 669 903 734 omnia
924 692 1021 756 pecn-

45 749 150 832 niac,
173 773 271 836 quana
292 751 381 813 recle
403 748 557 832 faciendi,
578 749 759 838 cupidiore,
778 763 811 816 et
829 751 914 817 inter
935 775 1021 817 sum·

45 855 148 896 mam
175 833 330 910 vitiorum
353 832 646 898 dissimulationem
667 834 903 918 vitiosissimo,
926 837 1020 902 amis·

47 940 164 1065 {puppe
185 914 337 1065 lapionis,
356 917 489 1004 quintae
511 919 642 1005 aquila,
672 919 799 989 vocavit
820 917 866 983 ab'
884 920 963 985 urbc
986 918 1020 986 in

94 1025 111 1063 a
141 1026 188 1065 aas

44 1084 182 1150 manici
201 1085 283 1150 belli
305 1085 452 1172 delegata
473 1085 583 1150 Druso
606 1086 759 1167 Claudio,
792 1087 884 1152 fratri
917 1086 1019 1152 Nero·

47 1167 135 1250 nia,
170 1167 374 1234 adnlesc'enti
402 1180 450 1234 tot
477 1179 705 1257 tantarumque
732 1170 908 1253 virtutum,
940 1169 1027 1256 quot
1149 1247 1155 1256 ¹

50 1263 95 1317 et
124 1263 264 1398 1«paratutas
291 1264 405 1318 natura
433 1254 579 1318 mortalis
608 1253 746 1402 recipit,
777 1254 830 1320 vel
858 1253 1020 1321 industria
1081 1305 1084 1311 .

50 1359 124 1424 per
148 1336 324 1420 cit3seuius
346 1336 516 1424 ingenium
538 1348 647 1404 utrum
692 1337 797 1404 cllieis
820 1338 923 1426 magis
946 1361 1020 1425 ope·

50 1420 175 1504 ribus,
205 1445 247 1484 an
277 1420 428 1488 civilibus
460 1423 627 1488 suffecerit
656 1423 801 1502 artihuaa,
833 1422 867 1486 in
894 1421 1019 1486 incerto
1062 1430 1067 1444 ”

42 1512 126 1568 est.
168 1502 301 1570 Morum
330 1515 417 1569 certe
445 1505 585 1590 dulcedo
618 1529 654 1570 ae
676 1505 833 1587 suavitas,
856 1517 889 1570 et
910 1505 1020 1570 adver-

53 1611 120 1652 sus
142 1586 264 1652 amicos
292 1601 397 1675 acqua
416 1613 453 1662 ac
475 1604 535 1676 par
556 1589 608 1653 sni
636 1589 829 1654 aestimatio
847 1588 1021 1652 inimitabi-

52 1670 103 1737 lis
126 1670 383 1738 fuisse-dicitur.
436 1672 523 1738 Nam
571 1673 761 1737 ulchritndo
780 1671 925 1760 eorporis
947 1695 1038 1759 pro-¹
1153 1689 1158 1700 ·

53 1755 148 1820 xima
171 1758 330 1822 fraternae
359 1756 434 1820 fuit.
485 1697 567 1822 Sed
581 1756 687 1840 illum,
715 1779 830 1843 magna
858 1780 899 1819 ex
926 1765 1021 1841 parte

56 1839 256 1910 domitorem
278 1837 492 1923 Germaniae,
526 1839 668 1928 plurimo
698 1840 768 1905 cius
791 1840 899 1926 gentis
921 1837 1020 1903 variis

57 1923 96 1986 iu
117 1923 200 1988 loeis
222 1925 358 2011 prolaso
378 1925 553 2010 sanguine,
581 1925 722 1990 fatorum
744 1923 914 2011 iniquitas,
944 1945 1020 1987 con·

58 2004 179 2088 sulem,
201 2018 350 2104 agentem
373 2033 493 2072 annum
513 2008 727 2089 tricesimum,
749 2006 868 2095 rapuit.
911 2005 1019 2070 Moles

59 2087 182 2152 deinde
204 2113 275 2154 crus
297 2091 376 2155 belli
400 2093 553 2158 translata
575 2090 608 2156 in
622 2091 788 2156 Neronem
811 2101 872 2176 ast.
918 2088 1019 2172 Quod
1060 2108 1063 2110 ·

60 2173 91 2236 is
116 2195 174 2235 sua
196 2182 230 2236 et
250 2174 368 2238 virtute
391 2186 424 2236 et
445 2176 574 2239 fortuna
594 2173 844 2255 aalministravit,
866 2195 1018 2273 pervaga-

62 2265 182 2341 tusque
213 2255 319 2320 victor
346 2280 458 2320 omnes
488 2267 595 2343 partes
617 2256 826 2338 Germaniae,
857 2279 928 2320 sme
950 2256 1019 2336 ullo

61 2340 258 2406 detrimento
278 2338 464 2410 ,commissi
496 2339 682 2422 exercitus,
718 2341 808 2428 qnod
841 2338 1020 2427 praecipue

61 2425 140 2490 ltnic
170 2423 250 2489 duci
269 2447 398 2511 semper
421 2440 516 2488 'curae
539 2424 621 2504 luit,
656 2422 704 2488 sie
725 2420 913 2510 perdomuit
935 2447 1018 2504 cam,
1088 2475 1091 2482 .

63 2507 156 2572 utin
179 2509 316 2572 formam
339 2531 442 2594 paene
465 2505 697 2595 stipendiariae
712 2507 877 2593 redigeret
889 2504 1024 2595 provim

63 2593 148 2658 ciac.
169 2591 278 2669 ,Turn
307 2593 389 2658 alter
414 2591 602 2681 triumphus
627 2614 701 2655 cnm
722 2591 833 2658 altero
848 2590 1020 2659 consulatu
1103 2583 1108 2595 “

63 2675 95 2740 ei
117 2675 244 2738 oblatus
264 2686 325 2739 est.
526 2707 530 2713 ·

147 2757 419 2823 XCV111.-D·um
438 2782 488 2842 ea,
499 2783 590 2846 qnae
613 2756 1019 2850 [prae]dixin1ns,inPan·

62 2841 162 2906 nonia
194 2840 433 2929 Germaniaque
469 2855 647 2929 geruntur,
666 2844 786 2930 xatron}
808 2841 843 2907 in
877 2839 1019 2906 Thracia
1068 2875 1071 2884 ν

62 2925 186 2990 bellam
207 2937 335 3007 ortum,
368 2925 521 2992 omnibns
550 2927 620 2992 eius
644 2928 755 3014 gentis
773 2926 962 2992 nationibus
984 2924 1019 2987 in

63 3033 153 3073 arma
184 3007 352 3090 accensis,
380 3007 426 3070 L.
451 3009 607 3090 Pisonis,
637 3035 736 3098 quem
760 3011 926 3095 hodieque
949 3006 1019 3071 dili³

64 3093 293 3180 gentissimnm
321 3101 420 3178 atque
443 3091 583 3156 eundem
602 3093 808 3158 lenissimum
833 3089 1019 3180 'securitatis

64 3177 209 3246 urbanae
241 3175 410 3241 custodem
446 3175 602 3244 habemns
619 3223 645 3260 ,,
670 3176 773 3242 virtus
812 3172 1017 3262 compressit.

65 3259 199 3348 Quippe
226 3258 355 3346 legatus
378 3258 527 3324 Caesaris
549 3261 690 3324 triennio
713 3284 787 3326 enm
808 3258 850 3324 iis
871 3256 1018 3338 bellavit,
1098 3313 1104 3318 .

86 3355 244 3430 cutesque
273 3343 510 3428 ferocissimas,
543 3344 684 3433 plurimo
707 3367 911 3408 cumeorum
934 3340 1019 3408 exci-

62 3369 133 3501 lio,
160 3451 247 3492 nunc
277 3426 359 3509 acie,
386 3451 476 3494 nune
502 3427 822 3528 expugnationibus,
848 3428 884 3492 in
909 3425 1020 3514 pristi-

60 3532 142 3574 num
155 3511 244 3596 pacis
260 3511 387 3598 redegit
400 3514 552 3598 modum,
566 3537 704 3601 ernsqnc
712 3509 822 3603 [belh]
836 3511 1018 3601 patratione

64 3592 166 3660 Asiae
200 3593 425 3680 sacrantem,
462 3596 678 3664 Macedoniae
710 3619 825 3686 pacem
860 3595 1015 3662 reddidit.

247 1025 403 1066 aesarem.
442 1000 541 1066 ¹Cura
573 999 812 1092 deindeatq'ue
835 1003 917 1068 onns
941 1003 1020 1072 Ger·
1123 1031 1126 1036 ’
