2448 4288
225 387 271 454 ιο
482 367 675 452 venusii
697 343 1001 452 esttecum
1084 370 1089 378 ·

227 533 384 612 stumque
410 514 558 586 mirallili·
575 515 696 584 nnete
723 524 821 608 atque
853 516 1016 583 industria
1038 516 1141 584 obita
1161 519 1191 584 in

226 605 402 699 Hispania,
432 600 524 689 (enm
550 611 641 680 'esset
667 614 823 690 qtraestor
850 601 911 667 suh
941 602 1069 668 Vetere
1093 603 1190 671 Ann-

227 694 304 776 stio,
330 712 390 756 avo
417 686 514 749 lanius
544 685 690 765 Veteris,
712 686 902 752 consularis
931 701 970 754 ae
997 687 1187 774 pontilicis,

226 776 362 842 duorum
397 769 618 836 consularium
653 780 686 832 et
715 771 919 835 sacerdotnm
954 771 1088 860 patris,
1131 772 1187 837 viri

225 859 259 924 in
286 866 414 922 tantum
441 853 539 940 honi,
567 855 601 919 in
630 863 789 941 qnantum
812 855 953 919 humana
986 854 1184 944 simplicitas

222 938 364 1092 infitlelligi
388 939 543 1028 potest,)
573 961 640 1030 qno
669 938 798 1028 notiora
824 939 1065 1036 sunt,'minus
1089 951 1187 1030 egent

304 1107 436 1177 XLIV.
463 1105 538 1174 Hoc
558 1105 569 1169 i
596 1103 941 1189 'turaconsnlq'inter
960 1127 1039 1171 eum
1067 1117 1101 1172 et
1120 1106 1181 1172 Cn.

221 1187 418 1283 Pompeium
440 1201 473 1256 et
491 1189 540 1254 Μ.
588 1211 714 1253 rossum
735 1188 815 1254 inita
836 1189 1003 1276 potentiae
1025 1191 1181 1272 societas,

222 1302 310 1368 quae
336 1276 411 1346 urbi
439 1274 576 1367 orbique
590 1281 774 1357 terrarum,
803 1296 866 1338 nec
887 1273 1016 1358 minus,
1053 1275 1179 1343 diverso

216 1368 420 1458 'quamquam
448 1368 617 1443 tempore,
638 1356 720 1444 ipsis
757 1357 935 1424 exitiabilis
966 1358 1045 1424 fuit.
1109 1360 1179 1425 Hoc

220 1439 576 1544 eonsiliumsequendi
596 1441 777 1544 Pompeius
799 1464 930 1506 eausam
950 1443 1126 1528 habuerat,
1146 1453 1179 1506 nt

221 1527 351 1596 tandem
371 1537 442 1592 acta
462 1550 498 1592 ιιι
519 1527 745 1608 transmarinis
768 1524 962 1614 provinciis,
983 1527 1125 1614 quibus,
1147 1538 1179 1590 nt

219 1609 460 1702 praediximus,
501 1610 596 1676 multi
629 1609 977 1698 ,obtrectahrnss'per
1004 1609 1177 1677 Gaesarem

220 1695 688 1766 confirmarentur'consulems
701 1693 823 1760 Caesar
836 1705 957 1774 autem,
974 1695 1070 1782 quod
1083 1698 1178 1761 anim·

218 1781 417 1864 advertebat,
443 1803 478 1847 se
510 1779 656 1844 cedendo
682 1777 1179 1866 Pompeii-gloriaeaucturum

218 1887 322 1950 suam,
346 1875 392 1945 et,
414 1862 538 1928 invidia
566 1862 749 1939 communis,
769 1863 935 1950 potentiae
957 1862 991 1926 in
1013 1863 1113 1930 illum
1133 1887 1177 1932 re·

217 1949 334 2048 leqata,
353 1947 617 2014 confirmaturum
625 1946 714 2010 vires
734 1955 809 2011 s‘nas
820 1971 831 2030 3
844 1946 996 2031 Crassus,
1013 1959 1177 2038 nt,quem

135 2029 144 2038 ”
240 2032 437 2118 rineipatum
458 2029 550 2093 solus
572 2027 711 2117 adsequi
731 2054 798 2094 non
820 2042 960 2132 poterat,
983 2035 1175 2099 auctoritate

217 2058 382 2206 l‘ompeii,
404 2112 677 2188 viribusrteneret
696 2111 861 2194 Caesaris.⁴
889 2116 1056 2182 Adfinitas
1081 2119 1175 2183 etiam

217 2199 303 2300 inter
330 2197 504 2270 Caesarem
537 2197 800 2297 Pompeiumque
826 2209 989 2298 contracta
1027 2203 1173 2291 nuptiis:

216 2282 658 2451 retranstulit
664 2278 992 2446 altsllil'c'i’nll
997 2283 1175 2456 altit?

217 2454 266 2538 lit,
290 2463 326 2528 ut
348 2475 438 2538 ager.
462 2450 542 2518 Cam
567 2472 648 2514 anus
667 2451 778 2540 plebei
802 2450 1015 2534 divideretur,
1038 2477 1174 2520 suasore

217 2535 298 2624 legis
320 2534 493 2624 Pompeio.
542 2475 604 2598 1lta
626 2534 759 2608 circiter
786 2534 906 2634 viginti
932 2535 1022 2601 milia
1051 2539 1173 2603 civium

216 2641 253 2684 eo
276 2619 428 2702 deducta,
459 2629 492 2685 et
521 2618 572 2683 ius
603 2617 743 2682 civitatis
764 2630 950 2684 restitutum
970 2630 1172 2709 post‘annos

215 2703 346 2770 circiter
379 2712 510 2768 ecntmn
544 2700 781 2804 quinquaginta
816 2703 918 2786 duos,
954 2727 1052 2791 qnam
1083 2707 1172 2773 hello

214 2785 343 2850 Punico
365 2787 404 2849 ab
427 2784 585 2850 Romanis
608 2785 719 2874 Capua
733 2786 768 2849 in
790 2785 925 2850 sormam
946 2789 1171 2875 praefecturae

215 2868 344 2933 redacta
370 2878 451 2932 erat.
510 2868 673 2949 Bibulus,
719 2870 847 2934 collea
881 2870 1050 2955 Caesaris,
1098 2897 1170 2939 curu

213 2951 358 3020 actiones
380 2950 451 3046 eius
472 2950 578 3053 maqis
600 2951 700 3019 vellet
720 2893 879 3041 impedire
923 2977 1019 3042 quam
1041 2969 1167 3044 posset,

214 3036 333 3104 maiore
354 3047 447 3128 p'arte
469 3057 547 3101 anm
570 3035 658 3104 domi
680 3059 715 3102 se
734 3036 856 3116 ‚tenuita
877 3001 955 3122 ριιο
976 3039 1077 3126 laeto,
1093 3042 1169 3106 dnm

212 3133 339 3212 angere·
366 3113 438 3188 vult
470 3121 645 3190 iuvidiam·
665 3121 824 3210 collegae,
857 3122 948 3187 auxit
974 3123 1167 3210 potentiam.

212 3206 300 3273 Tum
321 3204 454 3271 Caesari
476 3205 623 3271 decretae
645 3205 680 3270 id
702 3206 963 3294 quinquennium
984 3206 1125 3284 Galliae:

219 3301 223 3308 '
259 3289 263 3296 ’
292 3289 404 3359 xuv:
439 3290 505 3356 Per
534 3290 627 3356 idem'
644 3297 779 3394 'tempus
803 3290 849 3353 Ρ.
883 3289 1031 3372 Clodius,
1070 3293 1167 3358 homo

98 3385 100 3390 “
213 3370 345 3456 nobilis,
368 3373 522 3459 disertus,
542 3375 660 3457 audax,
673 3374 741 3462 'qui
758 3383 819 3465 ρο·
837 3377 871 3440 'e
894 3373 1037 3458 dicendi,
1060 3399 1167 3466 neque

213 3453 352 3521 faciendi
384 3456 501 3542 ullum,
530 3458 596 3522 nisi
625 3468 744 3546 q'uem·
819 3468 864 3542 et,
887 3458 1001 3523 nosset
1020 3460 1164 3541 modurn,

212 3539 366 3604 malorum
393 3541 639 3632 propositorum
654 3539 840 3610 criscentis·
866 3543 1056 3624 acerrimus,
1086 3543 1164 3610 iula-
