2420 4280
172 414 360 483 flls'l'olt.
377 412 493 484 ROM.
509 415 599 482 LIB.
615 413 663 482 ll.
678 413 783 484 CAP.
800 416 917 484 93.94.
981 417 1025 486 85
1068 487 1070 492 .

151 539 393 618 >tentante
422 543 600 616 trienninm
625 544 717 636 lere,
747 572 844 635 quam
872 551 1025 642 Egnatia·

52 657 145 702 num
168 636 276 701 scelus
298 645 503 722 crumperet,
535 634 620 702 cirea
647 635 804 700 Murenae
834 636 1026 738 Caepionis·

54 743 132 808 que
155 718 390 785 coniurationis
418 730 569 808 tempus,
598 718 717 785 abbiuc
739 744 842 786 anuos
865 745 1025 810 quanqua-

89 803 177 887 iuta,
201 800 250 867 M.
273 801 465 887 Marcellus,
499 802 621 868 sororis
642 803 790 890 Augusti
812 805 968 872 Octaviae
990 806 1025 871 li·

57 828 145 970 lius,
169 910 268 975 quem
289 886 438 951 homiues
461 887 519 970 ita,
535 887 565 951 si
586 886 669 975 quid
689 887 863 954 accidisset
879 889 1024 973 Caesari,

59 993 294 1037 successorem
321 969 486 1058 potentiae
514 970 845 1037 eius'arbitrabautur
866 974 1024 1056 futurum,

20 1073 29 1086 ·
58 1066 105 1120 ut
133 1066 242 1122 tamen
269 1055 304 1118 id
332 1078 393 1144 pcr
425 1055 474 1120 M.
506 1054 693 1142 Agrippam
723 1078 839 1138 securo
867 1056 898 1120 ei
926 1079 1025 1144 posse

62 1138 269 1226 contingere
279 1160 347 1202 non
362 1138 604 1222 existimarent,
620 1138 945 1226 magnificentissimo
959 1163 1027 1204 mu·

62 1245 148 1286 nere
170 1221 345 1299 aedilitatis
367 1222 475 1307 edito,
509 1221 652 1290 decessit
681 1223 854 1288 admodum
883 1223 1025 1306 iuvenis,

66 1329 172 1388 sane,
204 1315 241 1370 nt
275 1305 379 1388 aiunt,
408 1306 621 1393 ingenuarum
648 1305 824 1390 virtutum,
853 1307 1026 1396 laetusque

66 1388 172 1454 animi
193 1399 226 1455 et
246 1388 383 1478 ingenii,
408 1391 646 1479 lorbruaequc,
677 1391 711 1456 in
740 1414 838 1480 qaam
866 1391 1025 1474 alebatur,

69 1497 187 1561 capax.
229 1472 314 1537 Post
335 1473 428 1539 cuius
449 1474 575 1539 obitum
598 1474 762 1562 Agrippa,
777 1474 847 1562 qui,
871 1475 935 1540 sub
956 1497 1027 1563 spe·
1107 1538 1112 1545 ,

69 1557 122 1623 eie
144 1556 400 1640 ministeriorum
415 1557 651 1647 principalium
665 1559 831 1644 profectus
847 1557 882 1620 iu
896 1558 1026 1640 Asiam,

52 1645 111 1706 ‘ut
130 1642 214 1706 lama
233 1639 400 1727 loquitur,
432 1641 474 1706 ob
502 1639 615 1705 tacitas
645 1663 720 1705 eum
748 1639 905 1705 Marcello
928 1642 1027 1706 offen·

69 1724 195 1805 aiones,
214 1725 384 1824 praesenti
405 1747 442 1788 se
462 1723 662 1789 subduxerat
683 1724 844 1811 tempori,
876 1746 1027 1790 reversus

71 1808 151 1874 iude
176 1809 277 1873 liliam
306 1803 456 1872 Caesaris
484 1806 614 1888 lulium,
644 1830 742 1895 quam
764 1809 799 1871 iu
820 1807 1027 1873 matrimonio

69 1891 250 1958 Marcellus
269 1891 439 1972 habuerat,
459 1890 553 1955 duxit
572 1914 719 1973 uxorem,
747 1891 901 1958 l'cminam
920 1915 1028 1981 neque

74 1975 152 2059 sibi,
173 1999 217 2039 ue
263 2001 282 2040 e
300 1974 350 2040 rei
369 1973 522 2062 publicae
541 1973 649 2040 felicis
669 1974 765 2040 uteri.

157 2057 222 2122 XC
241 2059 285 2122 V.
319 2059 393 2125 Hoc
426 2068 533 2123 tractu
563 2068 746 2158 temporum
780 2057 837 2122 Ti.
869 2056 1045 2123 Claudius·

74 2139 177 2223 Nero,
207 2164 273 2228 quo
300 2143 409 2222 trimo,
437 2152 474 2205 ut
501 2141 742 2228 praediximus,
769 2140 866 2206 Liria
896 2140 1053 2214 Caesari,

74 2237 265 2314 nupserat,
285 2224 461 2288 innutritus
490 2223 681 2290 coelestium
706 2234 954 2312 praeceptorum
983 2222 1029 2288 di·
1072 2281 1077 2292 .

76 2308 245 2397 seiplinis,
269 2308 395 2373 iuvenis
416 2329 568 2454 lperiere,
591 2309 714 2389 forma,
744 2306 940 2374 celsitudine
960 2329 1056 2396 ctu·-⁸

77 2393 181 2483 poris,
205 2392 339 2482 optimis
361 2402 413 2456 stu
439 2391 501 2474 iis,
527 2389 737 2478 maximoque
756 2390 890 2476 iugenio
911 2391 1029 2455 instru-

78 2476 256 2558 ctissimus,
273 2475 330 2563 qui
350 2477 516 2561 protinus,
532 2482 674 2562 quantus
696 2484 758 2556 est,
774 2473 897 2561 sperari
917 2484 1031 2563 potne-
1077 2495 1082 2517 ¹

76 2571 146 2643 rat,
161 2561 301 2646 visuque
314 2551 511 2646 praetulerat
522 2555 726 2645 principem,
745 2567 912 2644 quaestor,
931 2558 1029 2622 uude·

77 2644 269 2711 vicesimum
304 2656 425 2707 aunum
458 2664 581 2728 agens,
627 2657 797 2727 capessere
824 2641 934 2728 coepit
961 2659 1031 2706 rem
1083 2709 1087 2713 ,

78 2728 265 2818 publicam,
297 2718 535 2824 maximamque
563 2725 786 2789 difficultatem
818 2747 966 2789 annonae
994 2747 1031 2795 ae
1076 2755 1082 2766 ¹

77 2811 126 2878 rei
146 2808 374 2875 frumentariae
399 2809 457 2873 ino
481 2833 545 2872 ram
571 2809 616 2873 ita
639 2807 753 2872 Ostiae
775 2818 872 2896 atque
894 2809 929 2872 in
950 2807 1031 2873 urbe

77 2895 230 2963 mandatu
259 2893 368 2959 vitrici
394 2833 580 2957 moderatus
609 2902 672 2976 est,
703 2901 741 2956 nt
768 2915 831 2979 per
856 2891 891 2956 id
898 2937 911 2973 ,
965 2892 1031 2956 uod
1165 2943 1168 2950 .

78 2979 214 3067 agebat,
257 2984 398 3065 qua-ntus
427 2998 584 3040 erasurus
613 2985 722 3058 esset,
761 2976 916 3041 eluceret.
994 2997 1031 3040 ec
1168 2983 1172 2988 “

77 3065 180 3129 multo
200 3071 279 3150 post
303 3057 424 3122 missus
453 3058 494 3122 ab
517 3058 631 3122 eodem
650 3059 767 3124 uitrico
789 3081 863 3124 eum
885 3056 1030 3122 exercitu
1085 3090 1089 3097 =

78 3147 120 3214 ad
146 3145 299 3214 visendas
335 3137 650 3230 ordinandaslque,]
684 3163 769 3229 quae
802 3140 864 3206 sub
894 3140 1031 3214 Oriente
1141 3168 1142 3171 ¹

79 3240 166 3312 sunt,
196 3226 395 3316 provincias,
423 3225 616 3313 praecipuis⁴
635 3224 779 3290 omniurn
801 3225 956 3290 virtutum
978 3247 1030 3290 ex·

78 3311 269 3405 perimentis
288 3311 331 3374 in.
346 3333 384 3372 eo
408 3320 513 3375 tractu
534 3308 651 3392 editis,
679 3332 752 3374 eum
773 3307 961 3396 legionibus
983 3307 1031 3373 iu·
1064 3391 1068 3396 ι

79 3421 212 3487 gressus
239 3392 449 3477 Armeniam,
477 3393 612 3480 redactas
633 3415 671 3457 ea
700 3391 735 3456 in
757 3402 952 3480 potestatem
974 3415 1031 3481 po·

104 3482 149 3546 uli
175 3478 336 3562 Romani,
362 3501 502 3565 regnum
530 3478 623 3560 eius,
648 3476 825 3542 Artavasdi
853 3473 1029 3568 [ereptum,

78 3507 231 3653 lligrani]
253 3562 355 3628 dedit.
378 3561 471 3648 Quin
491 3585 550 3628 rex
571 3583 703 3652 quoque
724 3561 932 3645 Parthorum,
948 3563 1030 3626 tauti
