2448 4288
167 402 356 469 lllSTssll.
379 397 493 470 ΗΘΜ.
515 403 604 470 LlB.
620 405 674 499 ll.
699 403 803 470 CAP.
823 403 854 470 3.
876 405 909 472 l.
996 407 1037 474 19

79 561 138 612 um
173 536 292 602 absens
324 535 475 624 pontifex
509 519 669 622 maximus
693 502 798 602 lacteis
833 536 913 624 est,)
944 533 1036 630 [cin]

80 622 233 688 cumdata
255 621 349 686 laevo
370 618 504 684 brachio
527 631 623 706 togae
646 619 777 702 lacinia,
797 643 839 686 ex
864 621 1036 710 superiore

78 716 174 794 parte
197 704 366 794 Capitolii,
386 704 525 780 summis
557 703 712 791 gradihus
737 705 910 792 insistens,
931 706 1038 771 horta·
1143 725 1146 734 ’

78 802 137 856 tus
160 801 223 863 est,
249 789 307 878 qui
327 788 448 854 salvam
478 789 600 854 vellent
626 811 695 853 rem
710 790 896 878 publicam,
926 813 963 855 se
988 812 1037 860 se,-

79 885 272 964 quereutur.
316 873 404 938 Tum
438 873 632 960 optimates,
659 884 791 938 senatus
814 885 913 963 atquc
941 897 1038 962 eque·

79 958 158 1024 stris
175 957 302 1024 ordinis
326 980 401 1057 pars
423 956 587 1020 melioret
604 955 719 1042 maior,
735 965 770 1020 et
795 957 918 1024 intacta
930 957 1037 1045 perui·
1102 989 1107 998 ¹

80 1041 182 1109 ciosis
210 1041 359 1108 consilius
382 1040 491 1128 plebs,
504 1040 645 1139 ‘irruere
670 1039 707 1104 iu
736 1038 932 1125 Gracchum,
952 1053 1037 1106 stau·

79 1139 149 1192 tcm
165 1126 199 1190 iu
215 1147 290 1190 area
303 1133 379 1203 'cum
395 1134 532 1188 catervis
550 1124 632 1210 suis,
650 1134 684 1189 et
704 1124 909 1190 concientem
933 1147 1038 1214 paene

79 1209 184 1276 totius
210 1208 323 1274 ltaliae
353 1207 582 1310 frequentiam.
632 1207 667 1272 Is
692 1207 726 1272 l'u
753 1208 823 1272 'eus
849 1208 1038 1274 decurrens·

81 1317 149 1382 qne
170 1292 256 1359 clivo
278 1291 480 1381 (lapitohuo,
503 1292 550 1356 l'ra
609 1291 664 1358 ine
696 1316 736 1358 su
760 1291 847 1362 sellii
870 1294 969 1377 i'ctus,
992 1293 1037 1358 vi·

80 1389 162 1460 tam,
180 1400 277 1466 quam
293 1375 529 1478 gloriosissime
574 1399 670 1464 egere
686 1388 852 1466 potuerat,
868 1377 1038 1445 humatum

79 1473 185 1528 morto
217 1460 333 1528 finivit.
385 1462 459 1527 Hoc
484 1459 613 1526 initium
634 1461 668 1524 in
692 1461 774 1526 urhe
800 1461 906 1526 Roma
930 1461 1037 1528 civilis

80 1545 267 1633 sanguinis,
302 1545 550 1645 gladiorumque
584 1544 787 1632 impunitatis
822 1545 897 1610 tuit.
955 1545 1038 1612 lude
1114 1548 1150 1571 '²

80 1631 134 1696 ius
158 1630 189 1696 vi
210 1631 375 1713 obrutum,
398 1641 628 1718 potentiorquc
643 1627 773 1694 hahitus
788 1628 899 1716 priore
916 1627 1038 1694 discor·

9 1789 10 1792 Ἴ
81 1715 222 1804 diacque
247 1713 382 1796 civium,
407 1725 500 1777 antea
522 1712 766 1778 conditionibus
782 1712 889 1777 sanari
904 1709 1024 1778 'solitae

82 1800 168 1864 ferro
195 1797 413 1881 diiudicatae,
441 1797 593 1886 bellaque
619 1820 685 1878 uon
716 1797 825 1862 causis
855 1796 949 1881 inita,
978 1759 1040 1862 sed

80 1897 313 2032 ppout-eorum
334 1905 460 1948 merces
478 1881 553 1946 lirit.
598 1880 699 1965 Quod
718 1881 805 1946 haud
830 1881 950 1946 mirum
973 1891 1037 1947 cst.

114 1990 157 2031 on
173 1967 259 2032 euim
277 1965 326 2030 ihi
345 1966 530 2031 consistunt
550 1967 712 2054 exempla,
735 1966 822 2038 unde
844 1977 1036 2055 cooperunt,
1151 1969 1154 1978 '

81 2051 154 2133 sed,
170 2045 348 2138 quemlihet
375 2049 408 2113 iu
433 2060 564 2116 tenuem
585 2062 717 2139 recepta
744 2049 918 2133 tramitem,
947 2050 1036 2120 latis·
1146 2115 1149 2122 ,

82 2134 164 2199 sime
197 2133 356 2220 evagandi
385 2133 451 2198 sihi
477 2134 563 2199 viam
592 2134 734 2198 faciuut=
773 2145 819 2216 ct,
849 2134 906 2197 uhi
934 2133 1037 2198 semel

79 2229 172 2283 recto
201 2216 383 2280 deerratum
410 2225 479 2298 est,
501 2215 535 2278 in
556 2239 715 2305 praeceps
741 2217 948 2302 pervenitura
975 2239 1036 2283 nec

81 2298 335 2449 quisppsmlsibi
346 2309 442 2446 putag
453 2299 731 2447 turple,quod1ul{i
747 2300 810 2364 luit
819 2301 1034 2448 lructuospnpi.

80 2431 238 2535 stonieus
253 2392 407 2559 qdidiiill,
433 2405 660 2554 nlldlrtnireidge
676 2394 938 2568 thllnllrlmdnlphrd
951 2467 1036 2532 Asia

80 2553 206 2642 populo
232 2551 382 2616 Romano
404 2550 582 2616 hereditate
609 2551 722 2616 relicta
745 2562 825 2635 erat,
856 2563 943 2618 sicut
962 2551 1065 2632 reli·r

81 2649 133 2703 cta
150 2649 264 2727 posteo
275 2647 331 2700 'cst
345 2635 556 2701 aNicomede
571 2634 737 2722 Bithynia,
752 2633 912 2702 mentitus
924 2636 1035 2724 rcpiae

62 2720 193 2809 -stirpis
220 2720 392 2807 originem,
423 2721 520 2804 armis
551 2743 622 2784 cam
642 2731 867 2808 occupaverat.
911 2719 965 2805 Is,
990 2719 1036 2787 vi·

81 2816 154 2870 ctus
183 2804 270 2869 aM.
300 2805 482 2906 Perperna,
508 2805 692 2892 ductusque
712 2804 746 2868 in
773 2803 952 2892 triumpho,
974 2806 1035 2870 sed

80 2890 130 3037 ka]
156 2887 219 2952 Μ’.
245 2887 410 2975 Aquinio,
433 2887 538 2977 capite
560 2911 685 2976 poenas
709 2888 812 2969 dedit,
839 2913 913 2954 cum
940 2887 1036 2953 initio

105 2970 161 3036 olli
190 2970 346 3035 Crassum
373 2971 577 3054 Mucianum,
611 2973 718 3038 virum
747 2971 828 3036 iuris
857 2971 1035 3036 scientissi-

80 3079 181 3138 mum,
199 3054 408 3120 deccdeutcm
432 3077 473 3119 ex
492 3054 576 3118 Asia
588 3056 834 3141 proconsulem,
855 3053 1036 3120 interemis-

81 3150 143 3204 set.
196 3138 242 3203 Et
276 3137 318 3202 P.
357 3137 472 3226 Scipio
507 3137 687 3202 Africanus
720 3137 947 3222 Aemilianus,
1024 3137 1036 3204 i

81 3222 312 3310 Carthaginem
332 3220 600 3310 deleverat,post
617 3231 667 3286 tot
686 3233 837 3310 acceptas
861 3223 946 3288 circa
958 3161 1035 3288 ulli

79 3306 233 3374 mantiam
258 3307 381 3391 clades,
409 3316 537 3372 creatus
557 3304 676 3371 iterum
695 3306 825 3391 consul,
848 3305 1041 3397 missusque-

80 3392 116 3456 iu
144 3389 359 3478 Hispaniam,
395 3391 545 3458 fortuuae
572 3389 769 3479 uirtutique,
811 3402 965 3480 expertae
998 3391 1034 3459 iu

80 3473 209 3564 Africa,
243 3473 416 3563 respondit
434 3474 470 3540 iu
489 3473 665 3564 Hispania,
695 3486 729 3540 et
746 3473 838 3552 ,intra
859 3500 979 3542 aunum
996 3500 1035 3544 ac
1078 3491 1080 3494 '

80 3571 147 3628 tres
167 3581 312 3644 meuses,
333 3583 432 3648 quam
454 3583 493 3626 eo
514 3570 660 3646 venerat,
682 3557 914 3628 circumdatam
927 3560 1033 3651 operi·
