2420 4280
93 360 881 470 fflsjromuouttnn.carnosum
959 367 1001 443 oa
1060 385 1112 428 ·.

18 507 150 562 rostro
178 517 312 583 quoqne
343 493 482 581 imperio
520 494 698 560 timendum
726 498 880 585 perduxit
914 499 1004 566 lasti-

18 582 145 668 pi'uma
192 579 367 666 erebatque
388 601 424 642 se
442 579 488 643 ita
509 579 666 644 adversus
686 581 867 666 Roaraanos,
891 584 928 650 ut
947 607 1002 656 ne·¹

18 689 95 754 :pue
128 604 222 729 bello
236 685 306 728 nos
330 659 532 751 [lacesseret,
555 673 600 746 et,
629 659 672 752 si]
699 666 926 747 lacesseretur,
951 691 1003 732 su·

18 771 174 838 pes-esse
201 746 267 812 sibi
293 746 360 812 vim
390 745 655 816 uc'uoluntatem
683 749 858 816 resistendi
882 749 1003 842 [oeten-

18 828 159 921 derct.]
205 830 334 918 Legati,
363 851 447 920 quos
469 831 618 896 mittebat
640 830 682 903 ad
705 831 860 900 Caesares
903 834 1001 900 inter·

18 919 114 984 dum
153 928 191 982 ut
224 914 407 1006 supplicem
443 916 732 1001 commendabant,
767 883 932 984 interdum
967 930 1004 986 ut

18 1026 93 1094 pro
124 1000 203 1086 pari
228 999 463 1087 loquebantur*
518 999 681 1068 Gentibus
708 1002 963 1091 hominibusque
985 1027 1004 1068 a

18 1083 137 1152 nobis
170 1081 431 1151 desciscentibus
465 1095 534 1148 erat
568 1085 657 1170 apud
693 1111 768 1152 eum
804 1087 1003 1174 perfugium,
1049 1089 1051 1093 ’

18 1173 197 1266 totusque
227 1190 267 1230 ex
300 1165 384 1232 male
421 1165 625 1234 dissimulato
666 1171 783 1256 agebat
823 1171 1004 1254 aemulum3

21 1261 300 1350 exercitumque,
323 1274 420 1338 quem
450 1253 657 1340 septuaginta
687 1255 817 1320 milium
841 1255 1003 1342 peditum,

24 1347 198 1438 qatattuor·
220 1345 380 1422 equitum,
400 1335 543 1420 lecerat,
574 1335 722 1402 adsiduis
749 1339 904 1404 adversus
934 1337 1005 1402 lini·

27 1433 140 1486 tunos
161 1418 260 1485 bellis
281 1418 477 1500 exercendo,
499 1420 627 1504 maiori,
650 1445 748 1522 quam
770 1423 861 1509 quod
876 1422 1003 1510 agebat,

27 1502 135 1592 operi
171 1501 397 1591 praeparabat.
449 1503 594 1589 Eratque
630 1514 743 1570 ettam·¹
756 1529 796 1570 eo
826 1504 1004 1588 timendus,

59 1586 153 1669 uod„
179 1595 253 1652 c'um
283 1585 489 1652 Germaniam
525 1587 566 1662 ad
594 1586 720 1654 laevam
757 1600 792 1651 et
818 1587 861 1652 in.
882 1589 1004 1671 fronte,

29 1613 248 1738 bonnoniam
280 1670 321 1734 ad
351 1669 510 1753 dextram,
538 1694 558 1735 a
586 1681 678 1758 tergo
714 1671 840 1736 sedium
874 1695 1006 1740 sumum

30 1755 180 1820 haberet
198 1753 353 1835 Noricos,
383 1764 538 1853 tanquam
566 1752 601 1818 in
632 1779 744 1821 omnes
773 1779 902 1844 semper
928 1779 1006 1823 ven·

36 1852 150 1921 turus,
182 1838 223 1938 ab
255 1837 406 1902 omnibus
437 1838 622 1902 timebatur.
680 1839 751 1904 Nec
782 1863 929 1906 securam
957 1841 1005 1904 in·

35 1933 203 1986 crementi
224 1921 277 1986 sui
297 1921 484 2009 patiebatur
505 1945 578 1986 esse
599 1921 747 2006 ltaliam,
774 1920 902 2013 'quippe
932 1949 1005 1990 cum
1064 2001 1066 2006 ,

40 2030 60 2071 a
87 2006 224 2068 summis
247 2005 386 2093 Alpium
408 2005 510 2105 iupis,
532 2030 616 2092 quae
638 2008 736 2072 linem
755 2008 869 2074 ltaliae
899 2008 1029 2082 tornai„

39 2097 144 2169 nant,
161 2085 290 2153 initium
313 2087 383 2153 eius
406 2090 520 2154 limum
546 2091 635 2156 haud
656 2091 759 2160 multo
782 2092 857 2177 plus
877 2093 1004 2160 dueen-

44 2169 257 2236 tismilibus
297 2187 454 2257 passuum
489 2169 630 2236 abesset.
704 2174 803 2238 Hune
837 2173 943 2240 virum
973 2187 1006 2242 et

42 2259 132 2320 hanc
151 2254 320 2340 regionem
349 2253 498 2340 proximo
529 2277 613 2318 anno
640 2254 778 2321 diversis
808 2282 826 2322 e
850 2259 1005 2358 partibus

44 2341 108 2406 Ti.
130 2337 256 2402 Caesar·¹
271 2336 411 2424 adgredi.
427 2337 552 2402 statuit.
597 2337 712 2404 Sentio
725 2340 904 2407 Saturnino
918 2368 1005 2408 man·
1130 2417 1133 2422 ³

47 2425 173 2506 datum,
196 2432 234 2485 ut
253 2443 314 2522 per
342 2422 469 2504 Cattos,
500 2421 621 2486 excisis
651 2423 896 2491 continentibus
924 2428 1005 2492 ller-
1022 2449 1040 2462 ”

47 2507 164 2595 cynice
191 2505 303 2587 silvis,
337 2505 370 2569 le
396 2505 488 2570 iones
520 2505 748 2592 Boiobemum,
784 2509 836 2595 (id
862 2511 1004 2597 regioni,

27 2616 149 2680 -quam
171 2589 336 2654 incolebat
398 2589 601 2673 arolioduus,
631 2614 750 2657 nomon
773 2595 853 2680 est,)
884 2591 1005 2684 [duce-

48 2671 134 2764 ιρις]
156 2673 227 2760 ipse
249 2696 269 2735 ι
287 2669 467 2756 Carnunto,
490 2675 548 2761 qni
567 2675 661 2740 loeus
678 2676 791 2744 Norici
815 2679 911 2766 regni
956 2703 1005 2744 ro·

51 2759 158 2824 ximus
178 2757 219 2820 ab
239 2756 300 2820 hac
321 2768 414 2844 parte
439 2770 526 2840 crat,
560 2761 771 2846 exercitum,
790 2763 848 2849 qui
872 2763 908 2828 in
929 2704 1005 2850 llly-

51 2845 121 2908 rico
143 2839 306 2921 merebat,
336 2839 455 2904 ducere
484 2841 519 2908 in
532 2841 790 2912 Marcomannos
819 2871 913 2912 orsus
941 2859 1002 2912 est.

135 2923 207 2990 CX.
230 2922 381 3009 Rumpit,
401 2922 728 2993 interdnm'moratur
777 2931 924 3018 roposita
948 2932 1004 2995 ho·

54 3007 173 3074 minum
194 3008 336 3070 fortuna.
380 3004 634 3093 Praeparuvcrat
666 3011 730 3074 inm
753 2953 893 3078 biberat
926 3011 1004 3078 Cae·

55 3117 108 3157 aar
137 3092 176 3156 ad
206 3087 409 3170 Danubium,
441 3101 614 3178 amotoque
650 3094 796 3160 exercitu
826 3119 894 3161 uon
927 3097 1003 3185 plus
1023 3097 1030 3142 ·'

57 3201 151 3264 quam
175 3172 322 3263 quinque
352 3171 477 3238 dierum
499 3173 562 3240 iter
583 3200 602 3239 a
622 3175 739 3264 primis
764 3179 920 3263 hostium,
947 3179 1004 3246 Sa·
1035 3213 1037 3216 ·

58 3258 218 3323 turninum
249 3251 406 3347 [eodem]
435 3257 606 3326 admovere
642 3261 795 3413 [copiasp
822 3264 1002 3352 placuerat,
1069 3255 1075 3268 ¹

61 3345 166 3442 [quae]
190 3363 295 3430 paene
331 3339 459 3427 aequali
486 3343 610 3424 divisae
641 3347 812 3412 mtervalo
840 3349 880 3414 ab
908 3350 1002 3418 hoste

61 3437 280 3517 mtrapnncos
305 3423 434 3488 diesin
461 3429 630 3514 praedicto
657 3429 732 3496 loco
760 3457 834 3498 cnm
863 3433 1002 3502 Caesare

62 3511 122 3595 [se]
147 3512 317 3588 iuncturae
345 3519 448 3592 crant,
476 3535 550 3578 cum
569 3514 721 3582 univerit
745 3516 930 3607 Pannonia,
955 3520 1001 3584 in·
