2420 4280
202 403 244 469 98
439 397 628 468 VELLEll
651 397 920 488 PATERCULI

204 563 244 605 ex
266 535 488 603 transmarinis
511 533 717 600 adducebant
739 534 931 623 provinciis,
963 523 1169 600 circuinl'nsa

204 623 352 714 quinque
386 619 571 707 legionibus
608 619 751 702 nostris,
788 619 1105 707 auxiliaribusquc,
1144 633 1170 682 ct

204 706 364 797 equitatui
384 704 487 791 regio,
505 704 646 851 (quippe
666 725 817 790 magnam
830 704 998 777 Thracum
1019 727 1169 784 manum,

205 795 335 859 iunctus
363 789 541 878 praedictis
594 787 731 870 ucibus‚
755 787 1028 870 RbocmculccS,
1066 789 1169 852 Thra·

205 877 274 942 ciac
294 897 365 958 rex,
382 874 416 937 in
438 872 635 938 adiutorium
654 870 726 936 eius
748 871 827 936 belli
848 895 962 936 secum
979 873 1167 956 trahebat,)

204 984 322 1049 paene
342 957 540 1023 exitiabilem
569 955 721 1020 omnibus
753 955 877 1021 cladem
904 954 1031 1020 intulit.
1081 957 1168 1022 Fusa

203 1069 238 1110 rc
264 1046 369 1108 iorum
398 1040 558 1131 equestris
577 1040 687 1120 acics,
713 1040 848 1125 iugatae
870 1039 958 1122 alae,
983 1063 1167 1106 conversae

205 1069 356 1194 cobortes
376 1137 471 1202 sunta
491 1127 579 1215 apud
602 1125 696 1211 signa
717 1147 850 1211 quoquc
871 1122 1044 1210 legionum
1065 1125 1165 1213 trepi-

85 1278 88 1287 Δ
206 1212 327 1277 datum.
373 1210 442 1275 Sed
462 1209 603 1274 Romani
625 1210 744 1273 virtute
772 1206 886 1271 militis
921 1209 997 1295 plus
1022 1231 1065 1271 eo
1091 1221 1164 1272 tcm-

204 1319 285 1383 porc
307 1293 507 1358 vindicatum
530 1293 672 1378 gloriae,
704 1314 802 1379 quam
832 1291 972 1356 ducibus
1000 1292 1163 1381 reliquit:

204 1377 274 1466 qui,
295 1376 432 1440 multum
447 1399 466 1438 a
488 1396 575 1439 more
591 1375 795 1462 imperatoris
818 1375 869 1440 sui
890 1375 1164 1464 [dis]crepantes.

204 1473 279 1527 ante
301 1464 334 1524 in
351 1461 479 1524 bostem
503 1458 703 1542 inciderunt,
720 1483 817 1548 quarn
831 1483 899 1608 per
920 1460 1163 1561 exploratores,

205 1547 263 1612 ubi
282 1543 388 1610 bostis
410 1557 511 1626 esset,
538 1554 786 1632 cognoscerent.
850 1567 900 1607 am
923 1544 1027 1630 igitui-
1048 1545 1088 1609 in
1112 1546 1163 1609 du·

203 1630 268 1696 biis
287 1630 387 1695 rebus
415 1639 519 1695 semet
545 1628 556 1692 i
583 1651 637 1693 sae
658 1629 807 1714 legiones
829 1629 1041 1710 adhortatae,
1073 1629 1163 1716 ingn-

205 1715 282 1780 latis
310 1713 351 1779 ab
377 1715 474 1778 boste
504 1651 702 1802 qurlausdam
723 1711 865 1776 tribunis
887 1711 1043 1795 rnilitum,
1067 1713 1162 1778 inter

204 1809 314 1886 empto
345 1799 519 1885 praelecto,
539 1808 736 1880 castrorum,
782 1797 1000 1882 racl'ectisquc
1024 1799 1163 1862 coborti·

204 1907 271 1963 um,
294 1902 360 1944 non
384 1879 562 1944 incruentis
585 1819 845 1963 centuriondrus,
862 1877 909 1970 [c]
926 1881 1051 1969 quibus
1066 1882 1164 1945 etiarn

203 1965 300 2052 primi
328 1964 460 2026 ordines
486 1962 652 2045 cecidere,
674 1964 825 2029 invasere
845 1966 976 2029 bostcs=
1007 1989 1073 2030 nee
1096 1989 1163 2030 sus·

203 2047 342 2112 tinuisse
372 2046 538 2127 conteuti,
556 2057 723 2194 perrupta
745 2057 856 2112 eorum
876 2049 958 2128 acie,
991 2072 1034 2113 ex
1056 2051 1163 2137 iuspe-

204 2142 272 2196 ”ato
301 2129 470 2196 victoriam
498 2129 552 2196 viu
580 2128 757 2196 icaverunt.
812 2129 886 2196 Hoc
918 2135 986 2196 lcrc
1012 2145 1162 2221 ternpore

203 2215 367 2304 Agrippa,
390 2219 449 2303 qui
471 2216 585 2279 codem
607 2214 673 2298 die,
696 2239 762 2304 quo
784 2216 960 2299 Tiberius,
985 2216 1161 2304 adoptatus

203 2301 243 2364 ab
266 2325 325 2365 avo
348 2321 408 2364 suo
430 2299 573 2363 naturali
602 2310 688 2381 erat,
723 2309 767 2364 et·
785 2300 848 2364 iam
875 2311 953 2365 ante
976 2301 1160 2384 biennium,

203 2385 310 2474 qualis
346 2395 452 2467 esset,
489 2405 647 2474 apparere
675 2395 846 2472 coeperat,
885 2385 967 2449 mira
998 2385 1161 2474 pravitate

204 2469 303 2534 animi
333 2479 430 2554 atquc
458 2468 492 2530 in
519 2467 586 2532 cuii
612 2469 648 2531 iu
674 2463 869 2554 praecipitia
891 2491 1085 2552 conuersus,
1104 2493 1160 2616 pa·

203 2550 261 2615 tais
283 2561 380 2638 atque
409 2551 480 2615 cius
505 2573 556 2614 em
575 2551 634 2614 ari
661 2551 713 2616 sui
732 2550 877 2616 animum
898 2551 1055 2618 alienavit
1074 2553 1102 2617 si
1128 2555 1158 2635 ῖς

203 2658 279 2698 mox
327 2635 357 2717 e',
375 2634 598 2700 crescentibus
618 2635 748 2722 indies
769 2633 873 2719 altile,
889 2636 1027 2723 dignum
1049 2636 1158 2701 furore

202 2743 263 2784 suo
307 2719 398 2784 abuit
420 2719 554 2784 exitum.

285 2801 414 2868 CXlll.
439 2802 566 2890 Accipe
595 2821 703 2882 nune,
733 2801 781 2868 M.
805 2801 939 2888 Vinici,
970 2804 1158 2869 tantum·in

203 2885 289 2950 bello
318 2885 454 2970 ducem,
511 2891 643 2952 uantum
674 2886 709 2949 in
738 2909 819 2976 pace
846 2887 938 2953 vides
958 2887 1155 2977 principem.

202 2968 327 3036 lunatis
358 2909 577 3053 exercitibus,
608 2969 731 3060 quique
761 2973 822 3036 sub
852 2971 990 3037 Caesare
1014 2974 1154 3056 fucrant,

203 3055 324 3143 quique
347 3054 389 3117 ad
410 3077 484 3117 cum
504 3065 673 3139 venerant,
700 3056 942 3144 contractisque
964 3057 999 3120 iu
1020 3079 1087 3120 una
1108 3080 1154 3121 ca·

202 3151 267 3204 stra
289 3139 402 3203 decern
418 3137 625 3224 legionibus,
649 3140 857 3227 septuaginta
881 3140 1155 3230 amplius'cobor·

203 3223 302 3306 tibus,
325 3221 586 3310 quattuordecim
618 3220 726 3312 ·alis,]
756 3235 788 3289 et
809 3224 962 3314 pluribus
985 3249 1082 3315 quam
1101 3225 1153 3288 de·

203 3329 273 3370 cem
298 3318 525 3373 veteranorum
551 3221 699 3384 mililus,
728 3307 768 3370 ad
790 3310 851 3373 boe
871 3332 990 3397 magno
1011 3309 1153 3375 volunta·

201 3389 323 3454 riorum
353 3413 510 3473 numero,
539 3391 768 3479 frequentique
791 3394 901 3482 equite
915 3393 1039 3481 regio,
1066 3403 1152 3458 tanta

204 3471 522 3561 deniqne‘excrcitu,
544 3485 685 3564 quantus
706 3476 797 3541 nullo
818 3499 961 3629 unguem
982 3478 1058 3542 loco
1079 3487 1151 3567 post

203 3556 287 3622 bella
311 3557 414 3622 luerat
437 3558 557 3645 civilia,
580 3581 693 3624 omnes
715 3581 754 3624 eo
777 3560 860 3648 ipso,
879 3561 943 3628 aeti
964 3572 1070 3645 erant,
1091 3585 1150 3626 ma·
