2420 4280
167 372 633 440 lllSTOR.R0bl.LlB.ll.
644 371 749 444 csP.
761 373 921 440 125-127.
982 375 1044 440 109

83 515 235 572 ramenta
256 503 353 573 trium
376 503 464 570 belia
494 527 568 570 cum
587 503 808 591 appellatione
836 503 1046 593 imperatoria

84 589 214 656 meruit.
267 590 316 654 At
387 588 530 677 ispanias
569 589 833 678 exercitumque,
869 589 1045 656 virtutibus

85 671 363 761 celeberrimaque
399 673 433 737 in
462 672 595 759 Illyrico
627 673 765 756 militia,
794 671 861 763 [nt]
884 672 1047 762 praedixi.

85 783 173 843 mus,
195 783 269 824 cum
291 757 430 846 imperio
459 756 625 840 obtinens,
653 757 688 821 in
717 781 842 822 summa
871 781 953 848 pace
983 755 1044 841 [et]

86 843 200 934 quiete
222 841 398 923 continuit,
429 863 504 906 cum
536 841 568 905 ei
595 842 701 926 pietas
733 841 917 908 rectissime
947 839 1046 906 senti·

85 926 178 1011 endi,
209 938 241 992 et
268 925 457 1009 auctoritas,
486 948 571 1012 quae
599 925 772 1006 sentiebat,
801 924 973 991 obtinendi
995 948 1047 989 su·
1089 945 1092 952 ·

85 1021 246 1102 peresset.
272 1009 374 1074 Cuius
397 1033 510 1078 auram
531 1033 569 1074 ac
589 1009 687 1074 fidem
705 1009 878 1074 Dolabella
900 1032 1046 1097 quoque,

71 1097 138 1163 'vir
158 1092 379 1182 simplicitatis
401 1089 688 1181 generosissimae,
718 1092 754 1160 iu
776 1092 937 1160 maritima
954 1102 1048 1182 parta

86 1178 237 1268 Illyricis
263 1201 298 1242 cr
319 1177 428 1243 omnia
448 1177 594 1242 imitatus
616 1187 678 1242 est.

172 1263 200 1329 C
274 1261 334 1328 vl.
357 1263 486 1328 llornm
501 1263 665 1327 sexdecim
675 1285 834 1326 annornm
850 1283 949 1349 opera
958 1257 1048 1348 quis,
1070 1290 1074 1296 ·

89 1371 164 1413 curn
198 1346 389 1434 ingerantur
423 1346 527 1412 oculis
563 1345 750 1434 animisque
776 1345 941 1428 omnium,
977 1351 1049 1432 pa'r·
1117 1365 1120 1371 ·

90 1430 179 1496 tibus
206 1431 402 1518 eloquatur‘l
430 1429 578 1496 Sacravit
607 1442 774 1518 parentem
802 1436 898 1494 suum
929 1427 1050 1494 Cacsar

89 1539 157 1581 non
185 1515 343 1603 imperio,
376 1515 436 1594 sed
463 1515 646 1638 reliqiqnez
670 1537 742 1600 non
772 1511 961 1601 appellavit,
991 1508 1050 1575 sed

88 1598 171 1681 l'ccit
191 1597 300 1663 deum.
343 1598 509 1665 Revocatu
536 1623 572 1662 ιιι
600 1599 707 1662 forum
733 1597 836 1680 fldes3
870 1604 1050 1662 summotae

91 1683 163 1748 loro
193 1682 325 1769 seditio,
355 1683 490 1748 ambitio
511 1703 642 1772 campo,
675 1679 840 1756 discordia
861 1680 973 1763 curia,
1001 1701 1050 1743 se·

89 1768 268 1857 pultaeqne
297 1791 335 1832 ac
352 1767 429 1832 'situ
463 1766 588 1832 obsitae
616 1766 763 1848 iustitia,
800 1763 969 1852 aequitas,
1003 1759 1050 1826 iu·

84 1851 218 1924 ,dustria
255 1850 379 1918 civitati
415 1851 583 1935 redditae,
626 1851 766 1916 accessit
791 1845 1051 1949 “magistratibus
1141 1913 1144 1921 Α

46 1997 48 2006 ,
92 1935 281 2019 auctoritas,
305 1935 433 2000 senatui
453 1937 619 2018 maiestas,
640 1935 778 2001 iudiciis
790 1945 951 2022 gravrtm
967 1954 1051 1997 com-

42 2037 69 2053 *
87 2015 215 2108 'pressa'
234 2020 400 2086 theatralis
431 2020 572 2104 seditio,
604 2032 693 2086 recte
722 2018 867 2098 faciendi
899 2016 1052 2084 omnibus

93 2114 150 2168 aut
169 2102 302 2168 incussa
321 2105 487 2186 voluutas,
508 2115 566 2168 aut
585 2103 738 2191 imposita
757 2101 950 2167 necessitas.
983 2101 1052 2165 Ho-

94 2198 253 2254 norantur
272 2198 376 2270 recte,
402 2209 502 2274 prava
524 2186 718 2274 puniuntur.
762 2185 911 2274 Suspicit
937 2194 1053 2272 poten·

95 2283 160 2336 tem
181 2270 330 2355 bumilis,
351 2294 419 2336 non
440 2271 553 2354 timet,
573 2271 751 2353 antecedit,
779 2293 847 2335 non
874 2266 1055 2334 contemnit

13 2350 17 2359 ’
49 2381 53 2388 ·
95 2354 303 2420 humiliorem
325 2364 454 2442 potens.
499 2354 641 2436 Quando
670 2376 800 2419 annona
828 2351 1052 2418 moderatiori

96 2439 226 2540 qnando
248 2463 313 2526 pax
332 2437 476 2504 laetiori
502 2437 633 2502 Diffusa
652 2436 688 2504 iu
717 2437 865 2504 Orientis
893 2435 1053 2502 Occiden·
1117 2475 1121 2484 »

61 2594 62 2599 1
97 2533 205 2612 trsquc
224 2533 359 2606 tractus,
391 2532 424 2588 et
450 2521 610 2612 quicquid
639 2521 819 2588 meridiano
846 2531 904 2587 ant
924 2531 1060 2607 septen-a

96 2605 203 2672 trione
224 2605 348 2688 linitur,
369 2631 434 2695 pax
455 2618 596 2694 augusta
624 2606 741 2695 populi
770 2604 911 2672 llomaui
939 2626 1054 2680 omncs
1080 2611 1082 2616 '

96 2701 254 2756 terrarum
276 2690 365 2755 orbis
386 2692 525 2779 angulos
554 2716 573 2756 a
599 2690 845 2757 latrociniorum
871 2697 960 2755 metu
988 2701 1054 2752 ser·

96 2785 152 2841 vat
172 2773 345 2856 immunes.
395 2775 545 2842 Fortuita
572 2799 641 2841 non
669 2774 789 2842 civium
816 2772 1053 2852 tantummodo,

97 2858 156 2924 scd
177 2856 308 2922 urbium
330 2857 447 2926 damna
466 2860 628 2959 principis
649 2857 871 2924 munificentia
896 2857 1053 2932 vindicat.

97 2941 282 3008 Restitutac
304 2942 401 3007 urbes
422 2943 546 3028 Assae,
572 2943 754 3010 vindicatae
776 2942 817 3008 ab
838 2940 968 3006 iniuriis
990 2963 1055 3005 ma·

98 3026 293 3115 gistratnum
315 3026 524 3114 provinciae,
546 3029 652 3093 bonor
673 3025 783 3112 dignis
829 3024 1054 3108 eratissimns3

96 3133 204 3200 poena
225 3109 260 3174 in
282 3111 385 3176 malos
415 3135 500 3194 sera,
531 3111 590 3176 scd
614 3111 741 3198 aliqua.
820 3135 841 3175 u
867 3121 977 3174 eratur
1005 3131 1055 3174 ec·

98 3195 224 3294 quitate
245 3195 362 3281 gratia,
385 3195 520 3260 ambitio
541 3196 674 3260 virtute.
705 3193 803 3276 ¹Nam
845 3215 938 3258 acere
966 3203 1055 3260 recte

98 3301 186 3344 caves
208 3302 286 3343 suos
303 3279 464 3367 princeps
487 3279 589 3366 [ipsc]
613 3277 757 3366 optimus
772 3277 923 3344 faciendo
940 3277 1054 3362 docet,

98 3384 171 3427 cum
197 3385 238 3428 ue
259 3363 303 3427 sit
318 3363 463 3450 imperio
484 3362 657 3444 maximus,
688 3361 839 3450 exemplo
866 3362 971 3429 maior
991 3374 1053 3428 cst.

210 3445 361 3511 XXVll.
384 3446 474 3511 Raro
492 3446 674 3535 cruineutcs
694 3445 757 3514 viri
775 3470 843 3512 non
859 3445 987 3534 magnis
1001 3447 1058 3512 ad··

99 3528 260 3594 'sutoribus
282 3529 325 3595 ed
339 3531 583 3618 gubernandam
599 3532 763 3608 fortunam
778 3555 870 3598 suam
884 3530 937 3596 usi
958 3543 1054 3614 aunt—3
