2420 4280
218 417 399 520 sunno.
419 420 516 488 mv.
539 420 615 489 nu.
638 423 816 492 nunna.
848 471 870 505 „
965 427 1026 496 115

60 573 112 608 eos
136 555 306 622 reddituros]
331 575 386 606 esse
408 559 563 608 reddituros.
596 584 626 596 ·-
669 557 735 634 Cap.
765 557 808 615 14.
834 560 1027 636 *exipsorum

59 624 235 695 praefulgent
252 625 378 690 nomine]
398 637 422 675 et
439 629 553 692 ipsumam
569 627 737 701 praefulgent
753 635 864 685 nomina.
886 657 913 670 ·-
934 634 1027 686 *eivi-

60 705 151 746 tutem
169 713 219 764 pro
241 692 366 813 agatem]
378 696 494 746 &ivitates
510 709 679 766 propagatas.
696 725 732 740 -·-
749 699 860 766 tSun]
881 703 979 756 Setina.
992 729 1028 744 -·

60 761 175 832 Nepet]
194 715 273 829 Νξρι.
291 790 326 802 —-·
367 765 444 814 ricini
462 775 487 815 et
508 764 591 830 ***]
606 769 719 820 Aricini.
745 795 775 806 -
798 783 929 824 trecentos
947 789 1028 824 sexe-

61 831 158 898 ginta]
180 830 276 882 CCGL.
293 858 329 870 -·
345 849 377 882 aa
393 830 440 902 Sp.
457 833 609 899 Postumio]
629 855 645 885 a
663 829 708 902 Sp.
727 839 885 892 Posthumio.
903 867 937 878 -
955 842 1027 892 Ter·

60 899 176 966 racina]
198 901 376 951 Tarracinam.
395 925 426 936 -
446 899 478 972 Q.
496 901 579 953 Fabio
597 905 735 974 quintum]
755 910 870 972 quintum
891 911 978 962 Fabio.
992 937 1028 950 -·

60 967 116 1022 M.’
137 965 242 1034 Curio]
254 970 299 1020 M.
321 970 407 1019 Curio·
427 993 457 1005 -
475 968 625 1022 Ariminum
647 985 672 1024 et
697 975 895 1042 Beneventum]
922 980 1027 1028 Arimi-

61 1056 137 1103 num,
156 1041 337 1092 Beneuentum.
357 1064 387 1074 -
406 1035 610 1110 *Fregenseque
648 1053 688 1094 ost
705 1042 857 1111 biennium]
875 1045 1029 1116 Fregellae-

64 1124 117 1171 que
135 1117 278 1172 annopost
295 1103 432 1159 Biennium.
451 1133 487 1144 -
515 1105 582 1178 Cap.
602 1061 645 1162 idi
671 1123 697 1162 et
718 1111 759 1164 M.
777 1112 891 1179 Fulvio]
916 1127 940 1164 et
956 1109 1051 1166 Fut-'

63 1174 119 1226 uio.
141 1197 172 1212 -
190 1173 253 1226 inde
271 1173 423 1240 moliendo]
443 1177 471 1226 in
487 1178 654 1231 demoliendo.
676 1203 713 1234 -.·
734 1181 855 1247 sextum]
881 1185 975 1233 sexies.
995 1209 1026 1220 -

64 1238 137 1313 Gap.
158 1240 201 1299 16.
211 1241 332 1316 vorticis]
350 1245 461 1296 verticis.
471 1271 500 1280 -·
511 1247 717 1316 supervacanea]
737 1269 904 1314 supervento·
920 1269 1027 1302 -con-

64 1311 182 1378 gruunt]
212 1331 363 1382 congruens.
400 1337 430 1350 -
465 1309 577 1368 *aliove
607 1308 716 1386 saepto]
747 1318 851 1384 alioque
878 1332 959 1387 septo.
993 1345 1028 1360 -··

64 1379 159 1450 *quae
179 1379 230 1445 ue]
251 1387 359 1447 quoque.
387 1404 413 1422 ··
431 1379 481 1432 *in
499 1383 688 1449 similitudine]
715 1388 742 1436 in
765 1387 968 1449 similitudinem.
996 1415 1026 1424 -

63 1400 248 1516 tragoediam]
266 1452 425 1518 tragoedias.
441 1473 478 1486 ·-·
493 1450 582 1500 Aristo
603 1451 722 1521 haueque
744 1465 770 1506 et
792 1454 941 1524 Eupolide]
958 1459 1027 1506 Ari-

64 1518 193 1584 stophane
209 1514 235 1568 ist
250 1510 388 1584 Eupolide.
408 1541 439 1554 -·
458 1472 697 1590 *novan1]nouam
715 1523 1026 1590 somiearn.-Philemo]

64 1585 263 1640 Philerotem-
298 1583 364 1656 Cap.
380 1587 426 1642 ,t7.
444 1583 537 1650 Attio]
555 1589 647 1639 Accio.
669 1613 705 1625 -··
730 1590 817 1655 etiam,
835 1590 880 1656 ut]
900 1604 930 1641 ut
947 1605 979 1648 et.
996 1615 1026 1630 ·-·

65 1653 216 1706 recedentis
232 1655 262 1704 in
278 1673 362 1706 unum
380 1656 456 1724 qussi
473 1653 608 1720 seculum]
631 1659 857 1724 praeeetlentisque
879 1660 969 1711 occult.
995 1686 1025 1698 -

66 1726 302 1794 congregatusque
319 1722 367 1787 se]
386 1725 651 1792 congregationisque.
669 1754 704 1764 -
721 1724 769 1776 *et
786 1728 814 1776 in
832 1725 904 1778 idem
922 1729 1027 1780 emolu—

66 1791 208 1856 mentum]
233 1803 258 1842 et
280 1793 307 1844 in
330 1791 533 1844 emolumentum.
564 1821 600 1834 -
641 1790 706 1864 Cep.
731 1795 772 1846 18·
797 1793 852 1847 *ab
876 1796 1027 1850 conditione

66 1859 237 1930 temporum]
266 1863 302 1910 ud
324 1863 493 1911 conditionem
516 1873 664 1928 temporum.
695 1885 728 1901 -
759 1862 923 1934 eloquentiae
947 1865 1026 1934 same,

67 1927 167 2046 zoam]
185 1929 355 1996 eloquentiae,
374 1948 460 1997 quam.
488 1953 523 1968 -··
545 1929 596 1982 hoc
614 1928 681 1998 ego]
706 1948 753 2001 ego
770 1931 828 1988 tac.
855 1957 884 1972 -·
910 1943 937 1986 et
959 1937 1028 1993 inter

67 1997 153 2062 e'as]
170 2010 195 2048 et
211 2001 238 2048 in
253 1997 344 2048 Italia.
389 2013 394 2020 ·

134 2084 198 2144 Lib.
221 2087 254 2140 lt.
276 2079 346 2155 Cap.
370 2085 395 2139 1.
432 2081 589 2156 *nunquam
612 2086 689 2158 plura
713 2077 793 2160 quain
817 2085 909 2140 decem
935 2087 1026 2156 milio]

66 2173 204 2220 numquam
221 2149 261 2206 Χ.
277 2154 365 2220 plura.
383 2175 418 2190 -·
433 2154 584 2219 inscientia]
600 2158 714 2206 inscitia.
731 2183 759 2195 -
779 2155 903 2223 foedera]
914 2156 1030 2226 foedera

68 2219 124 2286 (leia
138 2222 238 2288 primus
255 2243 268 2272 e
284 2223 412 2287 Pompeiis
433 2223 492 2274 Cos.
503 2220 578 2290 ficit)
596 2247 626 2258 ·-
646 2243 701 2274 non
724 2224 870 2275 recusando
896 2225 1028 2296 populum

67 2291 219 2340 Romanum
233 2289 361 2361 perduxit
377 2288 446 2353 huo]
466 2309 515 2340 non
532 2295 673 2342 recusando
690 2295 815 2355 perduxit
832 2292 890 2345 leuc.
910 2319 943 2329 -
960 2291 1054 2341 *le-'l

68 2356 175 2423 cerunt]
193 2357 326 2428 fecerunt·
345 2383 375 2393 -
412 2354 479 2426 Cup.
497 2361 523 2404 2.
542 2359 675 2426 aliquida
701 2373 730 2408 se
755 2365 864 2428 pactum
886 2351 1027 2424 infirmati]

68 2425 172 2492 aliquid
189 2445 206 2476 a
223 2447 253 2478 se
264 2425 374 2496 factem
398 2423 536 2492 infirmari.
563 2449 593 2460 ·-
626 2423 749 2475 omnibus
775 2435 872 2476 statum
896 2428 1028 2496 concupi·-

68 2493 219 2560 scentibus]
238 2497 348 2546 manium
365 2505 461 2544 statum
479 2493 689 2546 concutientibus.
706 2518 740 2528 -
763 2491 779 2524 *
791 2492 962 2564 colonisque]
981 2513 1029 2546 co-

69 2563 205 2630 loniisque.
221 2592 257 2604 -
292 2561 357 2632 Cap·
375 2557 402 2629 4.
421 2561 585 2612 Atistonicus
603 2559 728 2632 quidam]
746 2563 923 2629 Aristonicus,
933 2563 1029 2629 qui.—

70 2631 150 2683 atu?
161 2631 189 2682 ul
209 2629 301 2696 uillis]
319 2631 372 2684 M.’
389 2630 508 2695 Aquilio.
528 2655 562 2665 —
579 2629 706 2694 clariore]
726 2629 842 2683 clariori.
864 2654 901 2667 -
923 2641 1030 2682 centum

66 2652 217 2766 'sexagintaffi
246 2702 298 2752 CL.
317 2726 352 2739 -
370 2695 678 2771 duodequadragesimo]
703 2695 844 2751 XXXVI.
863 2725 897 2736 -
914 2695 981 2768 Cap.
1001 2699 1027 2753 5.
1059 2721 1061 2726 ·

69 2767 155 2840 pudor
171 2767 278 2832 timori]
297 2769 384 2818 timori
399 2771 492 2834 pudor.
510 2795 545 2806 -
562 2767 648 2817 Paulli
665 2765 744 2832 filius,
771 2765 914 2836 exemplo]
938 2768 1018 2820 Paull

70 2836 194 2904 exemplo.
210 2865 246 2877 -
275 2833 340 2907 Cup.
359 2833 386 2890 6.
405 2835 513 2901 Gaium]
536 2837 638 2888 Caium.
655 2861 689 2870 —
707 2835 765 2886 dari
781 2834 946 2901 instituebat]
967 2839 1029 2889 aare
1113 2862 1116 2869 ‘

70 2907 222 2957 instituerat.
241 2931 275 2942 -
293 2906 410 2970 nomine,
428 2923 457 2954 re
475 2903 580 2970 autem]
599 2907 780 2970 nominaverat,
801 2923 864 2954 eum.
890 2927 925 2945 νῆ
949 2905 1029 2959 adie-

70 2973 122 3039 cit]
140 2973 240 3044 adfloit.
257 2997 292 3009 -·
310 2971 387 3036 Gaii]
416 2974 534 3024 Caiia-
568 2971 636 3042 Cap.
651 2975 678 3026 7.
696 2971 789 3037 istius]
810 2974 1028 3044 ipsius-pro*

71 3053 155 3094 secute
173 3040 230 3107 est]
255 3051 389 3108 persecuta
413 3052 460 3094 est.
485 3061 519 3082 ·-·
543 3043 580 3091 Po
601 3041 761 3112 illiumque]
786 3041 975 3107 Popiliuuque.
992 3065 1027 3087 -ι

69 3109 267 3182 interponatur]
298 3113 477 3175 interponente.
501 3131 535 3146 ’-
594 3128 637 3180 ap.
667 3109 693 3162 8.
725 3113 872 3161 sestertium
905 3121 1029 3182 quattuor

71 3179 187 3244 milibus]
204 3181 273 3228 Ittt.
291 3203 326 3214 -·
342 3175 417 3227 *duo
435 3177 538 3229 Metelli
556 3176 660 3241 fratres]
678 3181 722 3231 Μ.
741 3172 851 3230 Metelli
859 3177 975 3247 fratres.
993 3209 1039 3236 -.

72 3246 234 3312 consulatus]
262 3248 320 3300 Cos.
345 3269 379 3282 -·
402 3243 550 3310 *censura·]
578 3265 677 3298 emaus.
702 3272 749 3285 -ν
776 3243 843 3318 Cap.
868 3247 895 3299 9.
919 3245 1027 3300 *Carbo

70 3318 195 3386 Papirius,
210 3327 236 3368 et
253 3327 312 3366 ante
331 3331 423 3364 omnes
435 3315 466 3368 L.
480 3313 593 3366 Crassus
613 3326 638 3366 et
656 3313 702 3367 Μ.
715 3313 855 3366 Antonius.
874 3316 929 3367 Nec
946 3335 1028 3386 prae-

71 3384 206 3436 tereundus
231 3383 355 3436 Metellus
378 3381 549 3446 Numidicus,
577 3394 601 3434 et
628 3381 760 3448 Scaunts]
789 3385 870 3442 Carbo
895 3387 1027 3451 Papirius.

71 3453 124 3504 Nec
146 3455 344 3519 praetereundus
368 3452 497 3502 Metellus
523 3451 678 3501 Numidicus
721 3464 744 3501 et
767 3449 897 3519 Scaurus,
921 3465 946 3503 et
970 3467 1029 3504 ante

73 3540 151 3573 ornnes
168 3525 200 3576 L.
223 3525 342 3586 Crassus,
362 3531 386 3570 et
403 3521 446 3572 M.
463 3521 604 3572 Antonius.
623 3545 656 3556 -
673 3490 758 3585 ¹tlttii]
771 3523 857 3575 Accii.
877 3546 908 3556 -
927 3523 1025 3588 evecti]

73 3601 159 3642 euecta.
186 3616 216 3627 —
258 3605 434 3660 magnumque
458 3588 538 3640 Ennii
566 3589 635 3640 iuter
666 3586 735 3654 hos]
759 3607 930 3661 magnumque
962 3593 1027 3642 inter
