2420 4280
188 378 248 444 108
397 403 403 416 ·
454 375 649 442 VELLEll
663 377 958 456 PA'rn'RcUm,

184 522 303 593 ratum,
326 509 467 598 primum
488 504 722 594 principalium
751 505 822 572 cius
845 508 982 593 operum
1013 507 1080 572 tuit
1101 530 1144 572 or

187 596 310 661 dinatio
334 592 551 674 comitiorum,
574 613 672 678 quam
699 615 798 654 mann
829 615 887 654 sue
914 591 1073 678 scriptam
1105 591 1145 655 di-

186 705 247 747 vus
270 680 442 764 Augustus
463 675 524 738 reli
551 685 653 738 uerat.
700 674 777 758 Quo
801 685 947 761 tempore
985 676 1069 740 mibi
1091 677 1146 739 fra·

190 765 296 848 triqnc
317 783 404 842 meo,
427 697 611 827 candidatis
643 757 809 841 Caesaris,
830 759 979 858 proxime
1008 784 1029 822 a
1059 760 1145 830 nobi:

187 847 323 911 lissimis
344 868 382 909 ac
404 843 629 908 sacerdotibus
651 841 744 926 viris,
767 843 924 906 destinam
944 845 1146 929 praetoribus

191 1037 388 1102 quemquam
410 1012 504 1078 divus
526 1013 711 1098 Augustus,
739 1033 850 1098 neque
875 1021 950 1078 ante
978 1034 1043 1076 nos
1073 1011 1147 1076 Cae

193 1123 246 1164 sar
267 1097 507 1163 commendaret
528 1095 696 1162 Tiberius.

277 1181 420 1246 CXXV.
442 1179 538 1244 Tulit
558 1179 707 1266 protinus
730 1188 768 1242 nt
786 1177 867 1258 voti,
890 1189 924 1242 et
947 1176 1083 1244 consilii
1101 1177 1147 1242 sni

193 1265 334 1353 pretium
362 1287 415 1326 res
444 1263 598 1408 publica,
628 1285 736 1350 neque
764 1261 820 1326 din
848 1263 957 1346 latuit,
986 1273 1043 1326 aut
1071 1263 1148 1350 qnid

192 1371 260 1412 non
283 1347 443 1434 impetran
468 1367 487 1409 o
509 1347 640 1433 passuri
659 1347 848 1429 fuissemus,
871 1357 928 1410 ant
949 1346 1032 1435 quid
1051 1345 1149 1434 impe·

194 1430 309 1497 trando
345 1431 611 1518 profecissemus.
660 1429 795 1530 Quippe
815 1429 1007 1512 ,exercitum
1032 1431 1093 1520 qni
1119 1430 1149 1493 in

195 1515 369 1581 Germania
398 1515 577 1597 militabat,
609 1527 857 1602 praesentisque
880 1514 1067 1580 Germanici
1097 1514 1149 1578 im·

194 1600 289 1688 perio
309 1599 507 1687 regebatur,
537 1600 701 1687 simulque
729 1598 891 1684 legiones,
913 1623 998 1687 quae
1020 1599 1054 1662 in
1077 1599 1149 1746 lllq:

1142 1707 1150 1744 ι

77 1710 81 1716 ’
195 1685 264 1749 rico
287 1695 392 1767 crant,
415 1683 506 1748 rabie
527 1683 666 1771 quadam
689 1693 722 1746 ct
742 1683 1120 1770 protunda‚·····nl‘undcn

196 1767 317 1852 omniav
333 1767 512 1855 cupiditate
538 1791 660 1832 novum
684 1767 830 1851 ducem,
860 1791 981 1834 novum
1020 1778 1150 1844 statum,

194 1875 313 1916 novam
335 1851 534 1937 quaerebant
554 1875 624 1914 rem
644 1850 821 1937 publicam.
846 1851 939 1934 Quin
962 1850 1061 1916 etiam
1083 1851 1151 1914 ausi

196 1945 274 1999 sunt
294 1923 423 2015 minai'i,
446 1934 579 1996 daturos
601 1935 740 2016 senatui,
771 1935 903 2020 daturos
935 1935 1083 2036 principi
1113 1937 1151 1998 lc

195 2041 275 2105 ges,
305 2016 444 2104 modum
482 2015 659 2116 stipendii,
694 2017 793 2081 linem
827 2019 962 2083 militiae
995 2019 1061 2083 situ
1091 2018 1150 2108 ipsi

169 2101 395 2167 econstitncre
425 2113 534 2166 eonati
560 2110 648 2165 sunt.
692 2099 890 2166 Processum
918 2103 1015 2167 etiam
1042 2104 1079 2167 in
1110 2127 1151 2166 ar·

196 2210 260 2268 ma,
291 2186 479 2272 ferrumque
507 2185 654 2249 strictum
685 2195 754 2268 est,
788 2196 821 2250 ct
845 2209 950 2272 paene
975 2186 1010 2250 in
1039 2187 1151 2251 ultima

197 2269 379 2357 gladiorum
401 2269 726 2357 crupit'impouitasr
749 2269 932 2357 doluitque,
963 2271 1022 2358 qui
1041 2283 1150 2335 eonor

196 2353 452 2441 rempublicam
473 2353 618 2436 duceret,
646 2377 713 2416 non
736 2353 794 2440 qui
815 2366 1041 2440 sequerentur.
1087 2355 1151 2420 Sed

195 2441 276 2502 baec
305 2437 412 2502 omnia
437 2437 558 2502 veteris
589 2435 797 2524 imperatoris
833 2437 1021 2523 maturitas,
1050 2439 1150 2503 multa

196 2520 389 2604 inhibentis,
418 2522 527 2609 aliqua
558 2544 631 2585 eum
661 2519 820 2607 gravitate
846 2521 1047 2608 pollicentis,
1078 2519 1151 2612 [et]

99 2651 103 2656 -
195 2606 282 2670 inter
301 2629 447 2672 severam
480 2603 655 2692 praecipue
683 2604 857 2668 noxiorum
883 2605 1042 2670 ultionem
1063 2606 1151 2670 mitis

196 2689 346 2762 aliorum
365 2687 550 2775 castigatio,
581 2687 674 2752 brevi
696 2687 803 2775 sopiit'
825 2711 862 2752 ae
884 2688 1027 2757 sustulit.
1074 2689 1152 2774 Quo

196 2773 329 2869 quidem
349 2782 511 2858 tempore,
534 2781 571 2836 nt
589 2771 748 2870 pleraque
771 2771 868 2872 [egit]
890 2796 995 2859 gnare
1018 2773 1151 2838 Germa·

105 999 107 1018 ¹
190 929 348 1016 contigit,
379 927 564 992 consecutis
580 922 763 1016 [quo]que,
792 936 829 990 ut
851 947 961 1014 neque
982 938 1063 1014 post
1090 951 1146 991 nos

1193 1973 1195 2018 l

195 2879 303 2936 nicus,
326 2853 539 2939 itaallrusns,
562 2878 621 2942 qur
641 2879 660 2919 a
681 2867 775 2942 patre
797 2855 832 2919 in
854 2856 888 2920 rd
909 2856 921 2919 i
948 2881 1021 2938 snm
1049 2857 1151 2946 pluri·

195 2961 248 3004 mo
272 2934 350 3028 [iam
388 2938 516 3026 pridem
537 2938 616 3026 igne
643 2939 785 3004 emicans
814 2880 1005 3006 incendium
1033 2941 1149 3006 milita·

167 3077 171 3084 .
193 3022 239 3087 ris
259 3033 351 3088 tumu
368 3034 418 3086 tus
439 3023 561 3089 missus
586 3035 666 3106 erat,
695 3022 807 3111 prisea
834 3023 1035 3112 antiquaque
1063 3023 1150 3091 sere·

192 3107 303 3190 ritate,
323 3129 423 3170 ausus
445 3106 606 3194 ancipitia·
622 3106 698 3188 sibi,
709 3106 872 3193 [rescidit]
883 3119 947 3172 tam
973 3132 1030 3191 re,
1054 3133 1150 3198 quam

194 3190 344 3277 exemplo
359 3190 563 3337 perniciosa,
596 3202 628 3255 et
660 3191 711 3255 bis
733 3191 817 3278 ipsis
846 3191 986 3256 militum
1015 3193 1149 3279 gladiis,

192 3274 313 3360 quibus
338 3297 357 3338 o
382 3298 493 3340 sessus
522 3285 603 3359 erat,
633 3274 821 3339 obsidentes
847 3275 1005 3359 coercuit,
1039 3276 1148 3365 singu·

190 3357 252 3422 lari
280 3357 427 3422 adiutore
456 3358 490 3421 in
521 3382 560 3423 co
594 3356 727 3446 negotio
762 3383 842 3424 usus
877 3360 975 3425 Iunio
1014 3359 1146 3444 Blaeso,
1194 3439 1195 3442 Ἴ

189 3443 263 3507 viro
284 3441 412 3507 nescias
435 3441 566 3508 utiliore
585 3439 771 3526 incastris,
796 3467 837 3508 an
854 3444 988 3509 meliore
1011 3445 1045 3508 in
1060 3459 1144 3532 toga.
1194 3481 1195 3536 p

190 3525 271 3607 Qui,
296 3537 372 3610 post
392 3549 515 3613 paucos
542 3549 645 3592 annos
675 3528 854 3615 proconsul
880 3528 915 3594 in
935 3527 1072 3615 'Africa
1101 3554 1145 3594 or
1194 3547 1195 3616 j
