2448 4288
146 353 336 484 flls'lou.
357 409 471 480 nott.
493 411 584 482 ΜΒ.
606 415 654 482 ll.
677 413 783 483 CAP.
806 415 860 484 3⁴.
880 417 935 486 35.
988 419 1032 489 u

74 545 202 632 debuit,
223 548 276 616 vir
295 546 458 615 novitatis
473 547 713 635 nobilissimae,
742 563 796 636 et,
817 563 855 619 ut
882 553 948 620 vita
969 555 1031 621 cla·

72 655 154 712 rna,
180 632 229 700 ita
249 633 383 736 inqenio
404 632 585 716 marinna,
613 635 677 736 qui
698 635 844 738 effecit&
860 661 924 722 ne,
952 661 1031 728 quo·

69 741 146 784 rum
168 741 256 783 arura
275 741 479 802 arcemanus,
511 741 625 784 eorum
640 741 792 806 ¹rupeuro
812 729 1030 802 vinceremur,

73 801 191 874 consul
211 801 321 891 Sergii
346 801 521 887 Catilinae,
548 802 750 891 Lentulique
770 817 804 870 at
823 805 976 895 Cethegi,
999 818 1032 873 et

72 886 212 952 alimum
240 888 484 976 utrius[que]r
503 887 650 952 ordinis·
663 887 807 966 virtum
837 888 1031 958 coniuratio·

71 993 149 1036 nem
171 971 330 1060 singulari
350 971 485 1056 virtute,
508 972 703 1056 constantia,
731 973 857 1060 vigilia,
879 994 1031 1064 *curaque

67 1056 215 1144 'apernit
267 1055 408 1120 Catilina
438 1066 535 1120 'metu
571 1056 755 1122 eouaularis
792 1057 923 1147 imperii
950 1059 1032 1126 urbe

72 1140 192 1230 pulsus
215 1149 286 1204 eutr
325 1138 503 1223 Lentulus,
518 1175 523 1182 ·
537 1140 719 1206 consularis
750 1151 784 1206 et
812 1153 943 1243 praetor
973 1143 1032 1207 ite·

70 1246 160 1308 rum,
186 1223 420 1312 Cethagusque
447 1233 481 1288 et
509 1223 567 1289 alii
594 1225 676 1290 clari
703 1225 846 1290 nornims
872 1225 949 1310 viri,
978 1249 1032 1290 am

71 1319 166 1377 etore
187 1319 314 1392 senatu,
327 1307 421 1373 iussu
443 1309 602 1392 consulis,
616 1310 651 1374 in
669 1333 797 1376 carcere
818 1311 926 1377 necati
939 1319 1030 1376 sunt.

136 1447 139 1452 .
158 1391 308 1458 XXXV.
323 1393 388 1458 Ille
407 1401 540 1459 senatus
563 1393 647 1479 dica,
714 1397 835 1462 ohaec
848 1406 920 1461 aeta
941 1405 1031 1478 sunt,
1089 1473 1090 1478 γ

12 1513 18 1556 2
71 1476 230 1542 virtutem
260 1475 310 1542 Μ.
341 1476 496 1561 Catonis,
532 1479 597 1543 iam
625 1503 681 1542 mu
710 1478 738 1543 is
765 1479 800 1543 in
828 1479 929 1544 rebus
956 1502 1032 1544 con·

70 1561 219 1712 qprieuam
241 1571 340 1649 atque
360 1561 609 1650 praenitentcm,
625 1562 806 1626 clarissime
823 1562 1030 1626 illuminavit.

108 1671 140 1712 rc

202 1646 291 1712 nitus
314 1669 435 1736 proavo
455 1645 505 1713 Μ.
528 1645 665 1728 Catone,
688 1645 839 1732 principe
860 1645 919 1710 illo
941 1645 1032 1710 lauri
1142 1703 1144 1710 .

69 1731 137 1798 liae
188 1732 379 1815 oreiae,nou
400 1731 521 1797 virtute
540 1729 740 1809 simillimus,
763 1728 822 1794 sed
842 1752 903 1819 per
923 1728 1032 1794 omniu

68 1814 208 1904 ingenio
231 1814 321 1896 diis,
341 1837 440 1903 qnam
460 1812 668 1896 homiuibus,
712 1813 839 1902 ropior,
869 1811 929 1902 qni
950 1836 1032 1878 nun·

120 1923 171 1965 arn
197 1909 287 1964 recte
315 1898 414 1984 lecit,
444 1909 482 1963 nt
509 1898 615 1963 iacere
643 1898 676 1962 vi
700 1909 829 1982 eretur,
865 1898 925 1963 sed
955 1895 1032 1986 qnia
1140 1945 1143 1950 -

70 1923 168 2049 ffim
188 1985 299 2049 facere
319 2005 387 2048 non
407 1992 554 2070 poterat,
588 1981 708 2070 cuique
740 1981 775 2046 id
797 1983 904 2048 solnm
924 1982 1033 2048 visum

73 2078 127 2134 est
145 2068 304 2138 rationem
324 2067 458 2151 haltere,
476 2066 565 2155 quod
586 2066 723 2132 haberet
742 2065 912 2151 iustitiam,
930 2064 1033 2131 omni·

69 2153 136 2218 hus
164 2150 315 2214 humanis
344 2151 435 2230 vitiis
464 2151 618 2214 immunis
650 2173 779 2235 semper
805 2151 969 2216 fortunam
997 2148 1033 2213 in

70 2259 134 2304 sua
164 2243 328 2322 potestate
356 2232 484 2297 habuit.
534 2231 599 2296 llic
630 2233 780 2296 tribunus
809 2233 918 2322 plebis
949 2231 1033 2297 desi·
1098 2268 1102 2276 ·

72 2329 194 2410 gnatus
221 2328 254 2382 et
281 2315 387 2381 adhuc
416 2314 591 2381 admodum
622 2315 837 2400 adulescens,
872 2340 947 2382 oum
976 2315 1034 2382 alii

72 2403 261 2485 suaderent,
284 2411 321 2465 nt
342 2423 402 2488 per
422 2399 600 2488 municipio
622 2399 783 2464 Lentulus
806 2398 1033 2488 coniuratique
1119 2425 1124 2435 ’

70 2487 327 2569 custodirentur,
343 2507 448 2576 paene
468 2482 555 2549 iuter
568 2482 701 2548 ultimos
724 2484 943 2572 interrogatus
961 2507 1034 2548 seu·

69 2572 221 2656 tentiam,
243 2569 388 2637 tantari
409 2566 509 2634 animi
536 2579 635 2657 atque
657 2568 785 2656 ingenii
812 2569 961 2634 invectus
983 2578 1034 2634 cst

70 2659 108 2724 in
130 2654 399 2737 coniurationem,
415 2653 461 2720 ita
477 2652 592 2718 ardore
611 2652 678 2718 oris
693 2654 873 2720 orationem
887 2651 1033 2719 omnium

69 2740 246 2828 lenitatem
267 2739 475 2804 suadentium
501 2737 662 2804 societate
687 2733 817 2804 consilii
846 2749 1034 2828 suspectam
1152 2747 1157 2758 ’

70 2823 172 2906 fecit,
194 2823 243 2888 sie
273 2823 496 2911 impendentia
528 2843 570 2887 ex
596 2822 702 2888 ruinis
732 2823 959 2912 incendiisque
981 2845 1034 2892 ur·

71 2908 181 2974 biset
209 2909 461 2972 commutatione
494 2917 597 2979 status
620 2907 745 2995 publici
767 2907 912 2996 pericula
936 2929 1034 2994 espo-

72 2991 161 3073 suit,
196 2990 242 3054 ita
274 2989 420 3054 consulis
446 2989 600 3055 virtutem
632 2991 860 3078 amplificavit:
896 3002 933 3055 ut
961 2987 1034 3056 nni·

70 3098 188 3142 versus
216 3084 349 3138 senatus
377 3072 411 3137 in
437 3073 508 3138 eius
531 3073 724 3138 sententiam
746 3074 912 3158 transiret,
934 3073 1034 3137 anim·

72 3159 372 3245 advertendumquc
399 3157 435 3221 iu
465 3179 547 3238 eos,
576 3179 661 3256 quos
690 3157 932 3246 praediximus,
962 3179 1035 3223 ocu·

72 3253 172 3326 scret,
196 3241 363 3330 maiorque
382 3265 459 3330 pars
482 3239 608 3306 ordinas
625 3240 696 3306 eius
714 3241 909 3306 Ciceronem
923 3263 1036 3331 prose·

72 3339 254 3418 querentur
274 3327 418 3392 domum.
460 3325 511 3391 At
530 3324 674 3391 Catilina
694 3350 762 3391 nou
783 3325 918 3428 sequius
940 3323 1033 3428 [sno]

71 3421 149 3479 voto
175 3411 270 3494 obiit,
302 3435 400 3512 quqm
421 3409 557 3476 sceleris
579 3409 721 3476 conandi
742 3411 881 3476 consilia
902 3422 1032 3478 rnrerat.
1115 3409 1117 3414 ’
1160 3454 1164 3462 ·

72 3494 210 3671 ¹(fiuippe
238 3496 417 3561 fortissime
446 3494 619 3577 dimicans,
648 3517 747 3598 quem
775 3494 929 3588 spiritum
958 3519 1035 3588 sap·

111 3580 370 3664 monstrent,
392 3578 519 3671 proelio
540 3577 697 3646 reddidit.
