2448 4288
140 345 339 426 lllS'l'ssll.v
354 342 580 426 liobbslrlll.
603 343 772 423 ureae.
797 345 851 414 42.
873 346 928 412 43.
971 348 1014 414 49

39 491 182 565 erapt',
213 492 338 571 partem
373 478 488 558 elassis
517 481 658 568 degerit
671 527 684 564 ,
711 492 847 570 [partem
881 479 1012 568 mersit,

39 567 185 656 aliquot
205 589 305 633 nares
324 566 512 666 multosque
537 565 689 644 mortales
712 563 819 654 cepit:
834 565 1013 655 ¹laetusque

1 649 3 730 ξ
39 662 235 736 nocturnae
266 647 681 738 expeditionrsutriumpbo
702 649 743 715 ad
763 674 841 716 suos
862 675 1015 718 reversus

41 746 121 818 est,
143 733 370 823 mandatisque
399 733 580 818 custodiae,
611 756 694 822 quos
716 745 875 822 ceperat,
895 733 931 800 in
959 735 1014 806 Bi·

39 819 202 918 tbpniam
230 817 376 908 perrexit
408 818 451 884 ad
479 817 709 906 proconsulem
738 817 887 901 lunium,
910 819 1013 906 (idem

42 927 145 968 curm
160 928 235 970 curn
241 903 324 968 Asia
338 925 410 968 cam
424 913 494 967 tum
507 899 704 1048 obtinebat?
713 912 886 988 petens,ut
901 915 1014 970 auctor

39 988 150 1053 fieret
180 984 333 1053 sumendi
361 985 402 1049 de
430 984 568 1075 captivis
598 984 768 1134 suppieii.
813 986 914 1075 Quod
939 1010 1012 1053 curn

41 1072 114 1137 ille
144 1094 180 1135 se
202 1072 365 1150 facturum
385 1079 555 1156 negasset,
572 1093 634 1144 ren
660 1080 845 1156 iterumque
867 1069 1012 1158 captivos

43 1154 198 1220 dixisset
234 1153 377 1240 (quippe
399 1153 598 1240 sequebatur
618 1151 741 1234 invidia
762 1151 942 1240 inertiam,)
965 1153 1013 1218 in·

45 1201 210 1306 credibili
223 1305 226 1310 ,
240 1237 404 1312 celeritate
437 1248 586 1303 revectus
616 1237 658 1300 ad
686 1261 786 1321 mare,
820 1238 1013 1328 priusquam

45 1324 97 1387 de
129 1344 166 1385 ea
200 1328 236 1385 rc
263 1320 322 1386 ulli
350 1320 558 1411 proconsulis
593 1321 809 1387 redderentur
840 1321 1012 1412 epistolae,

46 1429 201 1487 omnes,
234 1428 293 1470 uos
314 1417 458 1493 ceperat,
481 1405 603 1472 suffixit
623 1405 724 1470 cruci.

140 1489 205 1554 XL
242 1488 270 1553 Ι.
295 1489 387 1554 ldcm
407 1513 486 1556 mox
512 1490 553 1555 ad
575 1488 791 1554 sacerdotium
821 1489 1013 1576 ineundum,

49 1574 69 1662 (
99 1571 201 1661 uippc
219 1573 341 1648 ,absens
364 1574 513 1662 pontifex
533 1573 642 1638 factus
662 1584 732 1637 erat
750 1571 785 1636 in
803 1571 919 1638 Cottae
939 1596 1014 1640 con·

48 1597 176 1745 arbaris
197 1659 320 1740 locum,
344 1653 463 1748 [curm]
491 1679 596 1745 paene
621 1677 707 1744 puer
728 1679 748 1719 a
768 1650 875 1722 Mario
897 1655 1015 1723 Cinna·

49 1749 122 1831 qu'e
151 1742 269 1808 flamen
298 1740 406 1806 Dialis
435 1753 583 1824 creatus,
619 1739 756 1805 victoria
787 1739 919 1825 Sullae,
958 1740 1016 1831 qui

51 1827 165 1892 omnia
193 1826 233 1890 ab
261 1825 304 1890 iis
334 1836 404 1892 acta
429 1825 551 1891 lecerat
577 1823 688 1908 irrita,
718 1823 883 1891 amisisset
910 1825 946 1890 id
967 1825 1016 1892 sass
1103 1881 1105 1888 s

51 1909 268 1995 cerdotium,)
292 1909 451 1974 festinans
480 1909 514 1974 in
535 1908 676 1991 ltaliam,
705 1931 748 1972 ne
764 1908 1017 1998 conspiceretur

52 2019 73 2060 a
97 1993 340 2082 praedonibus,
370 1993 477 2063 omnia
500 2005 579 2058 tnnc
601 1992 826 2058 obtinentibus
847 1993 960 2080 maria,
984 2004 1017 2060 et

51 2077 173 2144 merito
201 2088 268 2140 tam
296 2078 426 2142 infestis
455 2078 551 2176 sibi,
571 2088 724 2164 quattuor
744 2077 940 2144 scalmorum
962 2101 1017 2143 na·
1059 2076 1064 2084 '
1133 2143 1136 2148 ,
1212 2075 1221 2083 ”

50 2159 131 2230 vena
152 2183 218 2224 uua
239 2184 313 2224 cum
335 2161 465 2224 duobus
489 2159 603 2224 amicis
633 2161 811 2258 decemque
842 2161 947 2226 servis
968 2163 1016 2226 in·

54 2268 213 2335 gressus,
241 2242 475 2311 effusissimum
502 2240 666 2306 Adriatici
692 2265 790 2308 marre
819 2244 946 2310 traiecit
975 2244 1016 2310 si·

53 2352 151 2396 numa
195 2328 276 2412 Quo
295 2326 441 2414 quidem.
460 2325 495 2390 in
524 2349 623 2392 eursu
644 2323 844 2413 conspectis,
868 2338 904 2392 ut
924 2339 1015 2418 puta·

54 2415 127 2497 bat,
147 2411 326 2500 piratarum
347 2410 499 2492 navibus,
522 2433 597 2474 cum
619 2409 766 2476 exuisset
781 2420 926 2496 vestem,
947 2412 1016 2476 alli·

56 2507 235 2586 gassetque
263 2495 440 2585 pugionem
467 2492 508 2559 ad
537 2493 655 2577 femur,
685 2492 832 2560 alterutri
858 2517 894 2560 se
915 2493 1015 2568 fortu-

55 2605 120 2646 nae
140 2603 272 2669 parans,
294 2603 371 2646 mox
392 2577 567 2661 intellexit,
590 2577 780 2662 lrustratnm
807 2601 880 2644 esse
907 2578 1015 2647 visum

57 2689 173 2749 suum,
186 2665 402 2751 arborumque
424 2684 464 2726 ex
485 2660 669 2749 longinquo
692 2660 840 2727 ordinem
863 2660 1014 2741 antenna·
1090 2680 1126 2742 ,¹

56 2771 131 2814 rum
158 2745 351 2836 praebuisse
384 2745 571 2832 imaginem.
623 2743 766 2832 Reliqua
788 2746 860 2812 eius
887 2755 958 2814 acta
978 2747 1013 2812 in

58 2830 152 2912 urbe,
174 2829 444 2916 nobilissimaque
465 2827 659 2894 Dolabellae
679 2829 856 2914 accusatio,
889 2839 922 2896 et
949 2855 1030 2898 ma·.

59 2915 110 2980 ior
131 2913 279 2980 civitatis
292 2914 326 2976 in
342 2913 505 2996 calavor,
523 2934 622 3000 quam
640 2911 706 2978 reis
729 2913 887 3002 praestari
907 2915 1012 2997 solet,

60 2997 352 3095 contentionesque
374 2994 487 3060 civiles
509 3017 584 3058 cum
607 2995 651 3076 Q.
674 2994 790 3062 Catulo
812 3006 911 3084 atquc
938 2997 1012 3062 aliis

42 3079 326 3148 'eminentissimis
347 3077 427 3144 viris
450 3075 701 3162 celeberrimae,
729 3088 762 3142 ct
790 3090 868 3143 ante·
883 3090 1013 3168 praetu-

60 3190 129 3231 ram
148 3164 254 3251 rictus
276 3161 409 3228 maximi
428 3160 638 3250 pontificatus
666 3159 827 3248 petitione
847 3163 892 3247 Q.
916 3160 1012 3229 Catu·

60 3251 125 3333 lus,
147 3247 292 3314 omnium
314 3243 523 3312 confessione
549 3254 682 3310 senatus
703 3244 891 3333 princepa‘¹
909 3257 943 3317 et
962 3269 1012 3312 re·
1123 3311 1125 3316 ,
1157 3267 1159 3274 ‘

61 3333 173 3400 stitnta
193 3333 229 3398 in
250 3330 428 3414 aedilitate,
450 3327 641 3412 adversante
669 3329 802 3417 quidem
827 3293 1010 3418 nobilitate,

18 3447 27 3456 ·
61 3425 268 3485 monumenta
298 3414 338 3484 C.
372 3411 490 3498 Marii,
527 3413 691 3501 simulque
718 3411 863 3479 revocati
890 3413 932 3498 ad
957 3413 1009 3482 ius
1076 3442 1079 3450 ·

63 3499 230 3590 diguitatis
257 3499 521 3590 proscriptorum¹
536 3496 655 3584 liberi,
681 3507 715 3563 et
741 3507 893 3647 prqetura
914 3521 1011 3590 quao-
