2420 4280
58 459 61 466 .
177 397 237 464 104
432 389 620 458 VELLEH
642 388 912 456 Parendum

89 519 93 526 ¹
177 530 254 612 stis,
278 521 452 614 iniquitate
474 521 625 588 fortunae
647 521 901 606 circumventus,
919 545 995 588 cnm
1016 535 1061 586 n‘c
1085 544 1142 608 pu·

179 612 302 718 finandi
334 607 468 698 quidem
497 605 745 697 egredieu[dive
773 603 893 695 venia]
920 617 977 671 ant
1008 603 1142 671 occasio

179 703 235 782 ris,
257 697 293 760 in
313 701 469 783 qnantum
492 693 674 775 voluerant,
699 692 774 755 data
797 703 886 756 esset
904 691 1076 773 immunis,
1096 713 1143 754 ca·

182 780 308 869 stipatis
331 776 429 841 etiam
451 775 648 864 quibusdam
670 775 763 862 graui
784 798 903 863 poena,
922 774 1002 863 qnia
1024 774 1144 839 Roma·

182 865 235 930 nis
265 873 298 927 et
320 861 419 926 armis
449 872 483 927 ct
512 859 629 926 animis
651 860 704 924 usi
726 859 888 944 inissent,
915 859 1066 923 inclusus
1092 857 1145 922 sd·

183 949 249 1033 vis,
270 945 460 1036 paludibus,
493 943 643 1029 insidiis,
676 944 716 1007 ab
745 966 784 1008 eo
813 945 908 1009 bostc
940 943 981 1007 ad
1002 943 1145 1008 interne·

135 1031 141 1041 ¹
186 1034 313 1100 cionem
333 1028 513 1096 trucidatus
535 1039 604 1113 est,
639 1051 736 1116 quem
758 1027 803 1092 ita
825 1051 955 1116 semper
975 1051 1069 1092 more
1093 1051 1146 1129 pe-

186 1117 306 1183 endum
345 1114 579 1198 trucidaverat,
614 1124 651 1176 ut
685 1112 785 1177 vitam
820 1122 876 1192 ant
907 1121 1047 1176 mortem
1076 1135 1146 1176 erus

184 1225 274 1267 nunc
300 1200 361 1283 ira,
377 1208 465 1263 nnnc
480 1199 574 1264 venia
588 1207 794 1284 temperaret.
822 1196 912 1260 Dnci
938 1196 1015 1284 plns
1030 1195 1073 1259 ad
1082 1219 1148 1259 mo·

186 1285 350 1365 tiendum,
373 1307 469 1380 qnam
486 1281 527 1344 ad
541 1281 765 1370 pugnandum,
788 1279 888 1344 animi
912 1279 986 1344 snit.
1009 1279 1148 1368 Quippe

212 1367 316 1432 aterni
347 1365 491 1452 arrtique
516 1379 689 1430 successor
715 1363 856 1452 exempli
879 1387 915 1427 se
943 1365 1015 1452 ipse
1046 1376 1149 1429 trans·

132 1459 145 1466 “
187 1393 273 1518 ixit.
318 1451 367 1516 At
393 1473 412 1514 e
439 1448 615 1537 praefectis
652 1460 832 1514 castrorum
866 1448 1014 1530 dnobus,
1076 1473 1150 1513 uam

191 1537 315 1603 clarum
344 1536 530 1636 exemplum
559 1534 607 1600 L..
623 1532 764 1622 Eggius,
786 1544 852 1598 tam
873 1543 970 1620 turpe
994 1473 1076 1624 [sti
1093 1533 1149 1598 Ge

192 1620 301 1685 ionius
323 1619 489 1710 prodidrt=
511 1618 586 1707 qni,
616 1642 689 1683 cnm
710 1615 807 1704 longe
829 1617 1002 1682 maximam
1022 1630 1151 1706 partem

192 1702 432 1791 absumpsisset
461 1703 571 1786 acies,
600 1714 714 1769 auctor
741 1701 939 1786 deditionis,
969 1702 1151 1791 supplicio,

193 1813 292 1877 quam
313 1786 459 1876 proelio,
486 1787 570 1851 mori
595 1786 722 1852 maluit.
766 1787 816 1851 At
836 1785 920 1850 Vala
948 1785 1152 1870 Numenius,

192 1874 319 1958 legatus
335 1870 430 1952 Vari,
452 1881 558 1933 cetera
579 1871 711 1957 quietus
733 1895 770 1936 ac
792 1871 929 1958 probus,
954 1871 1018 1934 diri
1039 1881 1154 1936 auctor

193 1953 358 2039 exempli,
381 1952 556 2040 spoliatum
578 1952 689 2039 equite
710 1955 855 2040 peditem
874 1954 1081 2042 relinquens,
1106 1955 1153 2018 fn·

193 2061 236 2126 pa
259 2060 332 2102 cum
355 2035 416 2100 aiis
438 2033 589 2099 Rhenum
610 2045 724 2123 petere
742 2037 913 2124 ingressus
943 2049 1004 2103 est.
1053 2038 1152 2123 Quod

194 2093 316 2188 iactum
345 2121 420 2185 eius'
447 2121 577 2185 fortuna
606 2121 674 2185 ulta
704 2133 773 2188 esta
799 2122 989 2208 [nonenim
1012 2123 1152 2189 desertis

194 2205 371 2295 superfuit,
394 2205 454 2268 sed
475 2205 624 2293 desertor
642 2205 793 2290 occidit]
811 2205 893 2271 Vari
913 2231 1031 2295 eorpus
1059 2207 1154 2272 serni·

192 2301 304 2356 ustum
337 2287 506 2379 besti[lis]
537 2288 737 2354 laceraverat
776 2291 908 2373 teritus,
946 2302 1046 2378 caput
1081 2294 1152 2357 eins

194 2375 381 2458 abscisum,
410 2374 578 2464 latumque
613 2374 655 2438 ad
680 2373 941 2458 Maroboduum,
979 2385 1012 2440 et
1042 2376 1083 2440 ab
1115 2399 1152 2441 eo

195 2459 331 2524 missnr'n
354 2457 396 2520 ad
418 2457 610 2540 Caesarem,
632 2458 790 2548 gentilitii
811 2459 942 2524 tandem
962 2459 1083 2528 tumuli
1106 2484 1153 2526 sc·

194 2543 323 2632 pultura
345 2542 537 2619 honoratum
560 2554 622 2606 cst.

280 2625 389 2690 CXX.
411 2625 475 2690 His
497 2626 618 2691 auditis
644 2625 770 2692 revolat
793 2625 835 2689 ad
879 2637 981 2691 atrcrn
1012 2625 1151 2710 Cacsar,

193 2720 373 2797 perpetuus
393 2725 551 2797 patronus
573 2708 786 2796 Romaniim
811 2650 877 2774 erii
892 2712 1060 2775 adsuetam
1087 2711 1152 2776 sibi

184 2815 327 2857 cansam
349 2792 499 2892 suscipit.
540 2791 690 2858 'Mittitur
711 2793 752 2857 ad
806 2795 994 2880 ermaninm,
1025 2794 1151 2860 Gallias

194 2876 388 2959 confirmat,
411 2877 559 2965 drsponit
579 2879 756 2956 exereitus,
778 2878 941 2966 praesidia
963 2880 1083 2963 munit,
1107 2891 1150 2963 et,
1184 2919 1187 2927 ·

193 2984 229 3026 se
250 2959 474 3048 magnitudine
503 2986 582 3045 sua,
613 2985 679 3028 non
706 2962 828 3028 fidncia
857 2959 1148 3053 [antiq-hostium

192 3045 352 3129 metiens,
384 3045 443 3134 qni
472 3043 668 3112 Cimbricam
696 3046 1148 3137 Terrtouicamquemilitiam

192 3129 308 3196 Italiae
343 3130 546 3216 minabatur,
583 3132 669 3196 ultro
707 3132 861 3196 Rhenum
894 3157 968 3197 curn
1004 3132 1148 3198 exercitu

191 3214 441 3302 transgreditur.
495 3217 598 3282 Arma
627 3217 727 3281 infert
749 3216 852 3303 genti,
886 3221 981 3304 qnam
1004 3217 1147 3282 arcuisse

191 3309 285 3384 pater
313 3310 345 3362 et
375 3300 480 3401 patria
502 3301 781 3384 contenderant,
813 3311 964 3402 penetrat
983 3300 1145 3382 ¹interius,

191 3383 298 3528 aperit
320 3382 461 3466 limites,
498 3397 603 3450 vastat
627 3408 745 3472 agros,
782 3395 848 3449 urat
877 3385 1010 3466 domos,
1039 3385 1146 3449 fundit

190 3489 210 3529 o
234 3465 325 3548 viosp
341 3468 544 3558 maximaque
566 3495 638 3535 cnm
661 3470 778 3558 gioria,
802 3469 959 3535 incolumi
986 3469 1145 3550 omnium,

188 3573 271 3638 qnos
294 3553 540 3640 transduxerat,
569 3579 718 3639 numero,
738 3556 772 3622 in
791 3554 926 3619 hiberna
946 3553 1143 3620 revertitur.
