2448 4288
12 367 26 378 ·
150 371 338 462 nrsrou.
354 370 468 442 acu.
484 370 574 440 um.
590 371 636 438 11.
653 371 758 440 car.
775 373 892 440 cao.
970 375 1021 442 ea

66 493 157 598 quod
177 505 421 573 inimicitiarum
444 504 592 606 quaesita
615 519 685 572 erat
711 505 808 591 ultio,
834 505 942 591 minor
973 527 1023 572 se·

65 605 142 659 cuta
160 593 354 660 auctoritare
380 602 413 656 ct
439 613 512 659 ursa
537 591 620 656 ultio
640 590 768 680 privato
797 591 874 658 odio
902 587 1021 679 magis,
1093 653 1096 662 ,
1156 621 1162 632 ·

64 701 165 767 quam
213 676 340 742 ublieae
360 675 525 744 vindictae
553 675 639 741 data.

210 760 258 826 ll.
300 758 478 826 Mandetur
507 759 627 826 deinde
661 758 837 826 memoriae
866 759 1022 826 severitas
1135 783 1138 793 ¹

64 844 275 945 iudiciorum.
321 841 466 945 Quippe
480 843 520 909 C.
544 845 626 945 Cato
653 843 855 943 consularis,
888 843 936 910 M.
963 843 1023 910 Ca·

64 927 1041 1100 32¹¹blitt⁸nli¹tt²tt..⁸.⁰t⁰.t¹f.ll.¹¹⁸u'‘.tti¹¹¹ttl‘.tl·

64 1095 165 1198 tiam]
181 1107 336 1185 quattuor
356 1096 490 1162 milibus
509 1087 745 1162 aestimaretur.
774 1094 872 1160 Adeo
893 1095 944 1161 illi
959 1095 1024 1162 viri
1134 1153 1136 1162 .

63 1205 173 1268 magra
193 1182 394 1247 uoluntatem
413 1177 572 1268 peccandi
595 1179 822 1264 intuebantur,
840 1203 938 1269 quam
957 1201 1023 1245 mo·

65 1265 161 1346 dum,
193 1265 343 1352 factaque
369 1264 412 1331 ad
437 1264 611 1329 eonsilium
638 1263 836 1352 dirigebant,
867 1275 900 1330 et
954 1264 1022 1347 nid,
1055 1269 1062 1284 ⁸

64 1371 137 1414 non
149 1349 185 1412 in
199 1360 369 1436 quantum,
382 1348 559 1414 admissum
571 1349 668 1430 leret,
684 1348 909 1421 aestimabant.
927 1287 1023 1414 Circa

65 1431 183 1498 eadem
196 1443 343 1521 tempora
365 1431 430 1498 dno
452 1424 581 1498 Metelli
605 1434 721 1498 l'ratres
749 1456 816 1498 uno
839 1432 892 1497 die
912 1434 1023 1498 trium·

93 1518 265 1583 havcrunt.
307 1517 385 1582 Non
408 1516 516 1582 rninus
546 1519 669 1581 clarum
697 1515 895 1603 exemplum,
918 1526 952 1581 et
969 1517 1024 1580 ad·

63 1541 134 1666 linc
150 1600 285 1666 unicum
300 1600 411 1667 Fulvii
426 1600 550 1682 Flacci,
573 1600 658 1683 eius,
707 1599 752 1664 ui'
763 1600 908 1688 Capuam
920 1607 1023 1688 ‘cepe-

65 1697 132 1766 rat,
159 1685 315 1769 filiorum,
337 1684 397 1750 scd
425 1684 559 1750 alterius
592 1684 627 1748 in
653 1706 671 1747 a
694 1684 862 1771 optionem
887 1682 967 1763 dati,
988 1683 1023 1748 in

67 1769 211 1856 collegio
224 1769 414 1834 consulatus
431 1769 505 1834 fnit.
527 1768 717 1856 Adoptivus
730 1767 766 1831 in
778 1767 917 1834 Acidini
932 1767 1024 1834 Man·

66 1853 108 1918 lii
135 1852 290 1918 familiam
310 1853 418 1918 datus.
461 1851 546 1917 Nam
567 1876 705 1918 censura
725 1851 946 1936 Metellorum,
968 1875 1024 1942 pa·

67 1937 237 2019 trueliunr,
259 1961 327 2002 non
377 1961 593 2022 armenorum,
615 1937 754 2000 fratrum
766 1935 845 2001 luit:
868 1937 959 2026 qnod
974 1959 1024 2002 se·

1 2093 2 2097 η
66 2020 112 2084 lis
140 2021 320 2108 contigerat
353 1961 577 2108 §cipionihus
623 2021 712 2086 Tum
734 2019 860 2088 Cimbri
881 2033 913 2086 ct
937 2021 1024 2087 Teu·

68 2105 141 2168 toni
161 2105 391 2178 transcendere
410 2106 575 2187 Rhenum,
600 2106 712 2169 multis
730 2129 807 2170 mox
828 2105 951 2171 nostris
972 2128 1024 2170 su·
1119 2173 1123 2184 ,

69 2188 167 2275 isque
183 2186 331 2251 cladibus
350 2187 489 2251 nobiles.
535 2188 603 2250 Per
615 2189 730 2251 cadem
747 2198 894 2275 tempora
917 2189 1023 2253 clarus
1112 2237 1114 2242 -

70 2270 144 2336 cius'
158 2269 311 2352 Minucii,
337 2269 395 2359 qui
412 2271 571 2358 porticus,
589 2283 681 2356 qnae'
694 2271 858 2358 hodieque
878 2271 1023 2338 celebres

71 2367 162 2438 sunt,
178 2355 311 2420 molitus
330 2365 392 2435 est,
408 2377 450 2418 ex
463 2354 648 2419 Scordiscis
668 2355 852 2442 triumphus
873 2352 947 2419 fuit.

156 2439 220 2503 IX.
264 2439 390 2504 Eodem
410 2449 515 2503 tractu
535 2449 720 2526 temporum
733 2439 901 2504 nituerunt
920 2450 1023 2505 orato·

71 2547 139 2606 res,
154 2521 267 2610 Scipio
284 2522 490 2588 Aemilianus
506 2522 717 2610 Laeliusque,
730 2522 803 2588 Ser.
820 2523 941 2608 ¹Galba,
958 2525 1022 2589 due
1104 2551 1106 2556 ¹
1163 2517 1166 2522 ’

73 2608 226 2690 Gracchi,
248 2605 286 2672 C.
309 2607 470 2689 Fannius,
493 2606 599 2672 Carbo
619 2607 788 2695 Papirius,
809 2619 842 2672 ct
860 2620 935 2674 ante
958 2633 1023 2674 om·

72 2714 133 2756 nes
154 2693 195 2756 L.
217 2690 356 2757 Crassus
372 2701 404 2755 ct
424 2691 474 2756 M.
496 2691 677 2756 Antonius.
721 2690 792 2758 Nec
843 2703 1023 2764 ractereun·

74 2776 135 2838 dus
148 2775 302 2845 M‘ctcllns
321 2775 531 2859 Numidicus,
553 2787 587 2840 et
604 2775 758 2840 Scaurus.
804 2714 953 2926 {uorum
974 2801 1023 2842 ac·

75 2859 133 2923 tati
154 2860 296 2958 ingeniis
321 2883 363 2922 ue
385 2883 573 2925 successere
596 2860 645 2929 C.
664 2859 785 2925 Cacsar
843 2861 955 2944 traho,
979 2863 1021 2925 P.

74 2943 256 3029 Sulprcrua.
299 2883 385 3006 llam
415 2944 460 3025 Q.
489 2933 621 3008 Mucius
643 2941 725 3008 iuris
753 2944 902 3028 scientia,
926 2955 1030 3091 Cum

74 3026 206 3114 proprie
233 3025 283 3088 clo
310 3025 437 3088 uentiac
458 3026 609 3110 momine,
631 3026 792 3091 celebrior·
810 3028 886 3092 tuit.
958 3029 1023 3091 lara

75 3109 171 3175 etiam
189 3133 248 3196 per
267 3049 353 3173 illem
373 3108 444 3174 aevi
461 3109 603 3208 spatium
622 3109 711 3174 fuere
726 3106 870 3196 ingenia,
885 3111 917 3174 in
937 3122 1023 3198 toga·

62 3189 117 3258 tis
138 3193 281 3276 Afranii,
294 3193 328 3256 in
344 3193 523 3280 tragoediis
535 3193 676 3258 'Pacuvii
691 3206 787 3281 atque
805 3194 903 3279 Attii,
920 3219 1023 3283 usque
1118 3233 1122 3236 ·

75 3279 111 3343 in
140 3279 338 3342 Graecorum
367 3277 575 3378 ingeniorum
602 3279 875 3365 comparationem
906 3281 1021 3364 evecti,

76 3384 294 3448 magnumque
317 3358 447 3452 [Ennii]
462 3361 548 3428 iuter
569 3363 629 3427 hos
651 3361 742 3450 ipsos
765 3362 950 3428 facientiso
976 3366 1022 3430 eri

77 3468 136 3511 suo
150 3438 279 3528 locum,
306 3447 387 3510 adeo
408 3447 552 3534 quidem,
575 3446 666 3512 utin
687 3446 758 3510 illis
776 3445 884 3530 limae,
906 3389 1023 3517 initur

78 3553 179 3618 [raone
199 3529 275 3618 plus
298 3529 448 3596 rideatur
467 3532 584 3596 luisse=
601 3530 797 3618 sanguinis..
829 3530 967 3600 Celebre
991 3548 1024 3601 et
