2420 4280
190 375 253 444 tua
361 354 394 442 “,
443 369 632 440 vnnnuu
654 369 924 440 cananeum

189 531 232 576 ne
278 507 313 573 ui
334 504 497 573 intellexit
517 504 664 593 quidem,
688 504 818 570 abunde
847 504 983 570 miratus
1012 514 1080 586 est,
1112 525 1150 566 nc

189 593 226 660 ni
249 594 258 608 ‘
295 617 362 659 non
383 589 508 678 optimo
530 589 608 671 civi,
623 589 868 677 simplicissimo
891 587 967 654 duci
991 587 1151 675 perisset,

190 687 374 765 praeturam
395 697 513 761 gerens
535 673 704 742 immatura
728 675 859 757 [inerte]
891 683 923 738 et
945 674 1063 736 -fructu
1089 696 1152 734 am·

191 761 359 850 plissimae
375 757 544 906 prmcipjs
556 757 715 823 amicitiae
736 768 770 822 et
785 755 1065 822 consummatione
1083 779 1151 821 eve

192 855 262 909 ctae
292 844 327 906 in
356 842 552 908 artissimum
577 853 813 929 paternumque
842 839 1010 926 fastigium
1039 839 1151 926 imagi·

188 927 245 992 nis
280 925 438 1014 deeeptus
467 936 529 992 est.
589 925 718 990 Horum
747 927 892 992 virorum
920 923 1086 989 mentioni
1125 924 1151 988 si

218 1010 272 1076 uis
298 1012 469 1099 quaesisse
494 1032 548 1076 me
569 1010 657 1074 dicet
682 1011 812 1092 locum,
842 1010 998 1074 latentem
1020 1020 1149 1095 arguet.

192 1035 311 1182 Geque
340 1096 427 1160 enim
456 1094 564 1161 iustus
593 1094 666 1160 sine
699 1093 870 1160 mendacio
904 1092 1028 1159 candor
1062 1092 1151 1180 apud

193 1181 299 1250 Itonos
324 1179 453 1244 ccirmni
474 1187 537 1243 est.

277 1263 421 1326 CXVII.
458 1263 602 1326 Tantum
636 1259 726 1348 quaed
766 1259 914 1326 ultimam
949 1259 1152 1348 imposuerat

193 1345 385 1412 Pannonico
406 1369 445 1410 ac
458 1344 641 1409 Delmatico
666 1342 755 1410 leello
776 1344 898 1410 Caesar
918 1369 1063 1428 manum,
1076 1369 1153 1410 cum

192 1429 278 1495 iutra
299 1429 444 1518 quinque
474 1430 689 1496 consummati
716 1428 798 1494 tanti
825 1453 845 1494 o
871 1429 937 1494 eris
967 1428 1038 1493 dies
1060 1429 1153 1493 fune·

193 1525 263 1580 stae
292 1537 334 1580 ex
362 1512 536 1579 Germania
563 1514 723 1615 epistolae
743 1513 832 1578 caesi
847 1454 948 1596 G'arI,
977 1513 1153 1586 trucidata·

191 1621 330 1685 rumque
357 1599 528 1700 legionum
555 1601 672 1684 terunt,
710 1597 847 1666 totidem
895 1622 916 1662 e
943 1599 1092 1682 alarum,
1124 1609 1154 1662 et

193 1707 252 1747 sex
280 1684 463 1752 cohortrnm
494 1679 651 1774 [attulere
677 1621 893 1830 nuntium]u
902 1683 1005 1750 velut·
1024 1682 1061 1746 in
1091 1683 1154 1746 hoc

192 1765 332 1832 sulutem
354 1767 576 1832 tantummodo
598 1767 792 1854 indulgente
811 1790 856 1831 no
881 1765 909 1832 is
931 1768 1075 1848 fortuna,
1095 1788 1154 1849 ne,

192 1861 352 1938 occupato
369 1851 452 1914 duce
475 1852 525 1936 [iu
554 1851 757 1916 debellandis
778 1849 982 1935 Pannoniis,
1009 1851 1154 1916 victores

192 1933 348 2000 Germani
374 1933 417 1996 iis
444 1956 480 1996 se
503 1933 749 2019 coniungerent.
794 1935 876 2034 Sed]
905 1946 938 2000 et
966 1959 1066 2000 causa
1089 1935 1153 2034 [et]

191 2039 332 2106 persona
354 2039 477 2080 merum
501 2015 615 2102 exigit.
671 2017 780 2083 Varus
803 2019 1001 2102 Qumtilius,
1031 2019 1153 2084 illustri
1193 2057 1194 2060 =

189 2099 311 2189 magio,
334 2125 431 2201 quam
452 2099 559 2170 nobili
581 2112 672 2167 ortus
696 2101 831 2186 familia,
863 2103 916 2170 vir
935 2102 1073 2190 ingenio
1097 2104 1153 2168 rni-

128 2209 132 2230 ¹
183 2185 249 2267 tis,
268 2187 416 2250 moribus
438 2185 584 2273 quletns,
614 2196 652 2262 ut
671 2209 821 2274 corpore,
848 2198 881 2252 et
908 2188 1015 2254 auimo
1039 2187 1153 2252 immo·

132 2279 141 2284 ”
191 2268 304 2353 bilior,
325 2270 393 2334 otio
416 2269 521 2357 magis
544 2275 738 2352 castrorum,
756 2293 855 2358 quam
876 2270 1014 2337 bellicae
1036 2271 1153 2338 adsue·

192 2365 247 2420 tus
267 2353 421 2421 militiae:
443 2355 603 2442 pecuniae
625 2377 702 2422 vero
748 2377 823 2420 uam
843 2379 911 2423 non
932 2367 1151 2444 contemptor,

193 2437 308 2537 Spria,
339 2439 404 2537 epi
422 2439 629 2537 praefuerat,
668 2379 861 2523 decIaravit3
898 2463 997 2529 quam
1025 2463 1153 2539 pauper
1192 2473 1193 2484 κ

188 2521 327 2588 'devitem
362 2547 551 2608 ingressus,
576 2511 678 2602 ¹diues
713 2546 890 2611 pauperem
924 2523 1070 2610 reliquit.
1118 2524 1150 2588 ls
1192 2534 1193 2555 ¹

185 2630 268 2676 -cum
297 2606 476 2690 exercitui,
506 2608 564 2696 qni
592 2618 663 2672 erat
690 2607 726 2674 in
748 2606 939 2692 Germania,
968 2619 1150 2694 praeesset,

107 2754 112 2764 ,
189 2690 347 2838 cencgpit
376 2691 650 2842 essmominesfl
683 2691 742 2791 qui
768 2692 853 2758 nihil
878 2688 1010 2792 piamen
1036 2713 1150 2840 modiin

192 2797 414 2924 miili}
467 2787 617 2942 aiiii,
644 2797 846 2947 ,iiii‘iut
867 2799 927 2864 ‘¹¹¹¹
949 2776 1150 2944 &tillet

192 2939 364 3031 proposito
384 2882 524 3010 mediam
544 2941 715 3030 ingressus
737 2943 969 3025 Germaniam,
990 2943 1082 3010 velut
1103 2944 1147 3008 in·
1191 2969 1192 2976 ¹

193 3037 244 3092 ter
263 3026 351 3095 viros
398 3026 464 3094 aeis
490 3028 669 3115 gaudentes
691 3028 880 3112 dulcedine,
895 3027 976 3094 iuris
1000 3027 1148 3094 dictioni·

191 3111 255 3212 laus
284 3049 477 3201 agendoque
505 3137 567 3202 pro
594 3113 752 3180 tribunali
777 3113 893 3178 ordine
921 3113 1071 3178 trahebat
1099 3136 1148 3180 ae·

192 3209 288 3262 sura.
381 3211 385 3218 '
490 3221 495 3226 ·

277 3278 438 3346 CXVIII.
461 3279 599 3364 atilli,
629 3281 717 3369 quod
740 3280 805 3346 nisi
828 3291 982 3369 expertus
1005 3279 1063 3346 vix
1081 3303 1147 3344 cre·

192 3361 261 3444 dat,
275 3363 312 3428 in
333 3387 457 3432 summa
478 3364 1146 3452 feritateversutissimi,·natumqucmen·
1190 3429 1191 3450 ἶ

194 3445 287 3511 dacio
317 3471 444 3532 gentes,
485 3449 676 3516 simulantes
697 3449 796 3515 ¹lictus
826 3449 935 3515 litium
962 3451 1087 3532 series,
1118 3461 1147 3514 et

192 3553 280 3596 nune
302 3544 517 3618 provocantes
539 3533 622 3600 alter
642 3534 779 3603 alterum
797 3533 931 3618 iniuria,
946 3544 1146 3620 nunc'agen·
