<?xml version="1.0" encoding="UTF-8"?>
<!DOCTYPE html PUBLIC "-//W3C//DTD XHTML 1.0 Transitional//EN"
    "http://www.w3.org/TR/xhtml1/DTD/xhtml1-transitional.dtd">
<html xmlns="http://www.w3.org/1999/xhtml" xml:lang="en" lang="en">
 <head>
  <title>
</title>
<meta http-equiv="Content-Type" content="text/html;charset=utf-8" />
  <meta name='ocr-system' content='tesseract 3.04.00' />
  <meta name='ocr-capabilities' content='ocr_page ocr_carea ocr_par ocr_line ocrx_word'/>
</head>
<body>
  <div class='ocr_page' id='page_1' title='image "./cvelleiipatercu00kreygoog_0036.png"; bbox 0 0 2462 4278; ppageno 0'>
   <div class='ocr_carea' id='block_1_1' title="bbox 955 411 1035 454">
    <p class='ocr_par' dir='ltr' id='par_1_1' title="bbox 955 411 1035 454">
     <span class='ocr_line' id='line_1_1' title="bbox 955 411 1035 454; baseline 0 0"><span class='ocrx_word' id='word_1_1' title='bbox 955 411 1035 454; x_wconf 72' lang='lat' dir='ltr'><strong>lm</strong></span> 
     </span>
    </p>
   </div>
   <div class='ocr_carea' id='block_1_2' title="bbox 77 499 1114 1234">
    <p class='ocr_par' dir='ltr' id='par_1_2' title="bbox 77 499 1114 1234">
     <span class='ocr_line' id='line_1_2' title="bbox 81 499 1083 609; baseline 0 -23"><span class='ocrx_word' id='word_1_2' title='bbox 81 521 240 606; x_wconf 79' lang='lat' dir='ltr'><strong>termino]</strong></span> <span class='ocrx_word' id='word_1_3' title='bbox 264 519 394 586; x_wconf 74' lang='lat' dir='ltr'><strong>ltatilri</strong></span> <span class='ocrx_word' id='word_1_4' title='bbox 415 521 591 587; x_wconf 78' lang='lat' dir='ltr'>obsecutus</span> <span class='ocrx_word' id='word_1_5' title='bbox 613 516 746 609; x_wconf 82' lang='lat' dir='ltr'><strong>scripsi.</strong></span> <span class='ocrx_word' id='word_1_6' title='bbox 787 517 905 608; x_wconf 81' lang='lat' dir='ltr'>Neque</span> <span class='ocrx_word' id='word_1_7' title='bbox 926 529 1032 586; x_wconf 80' lang='lat' dir='ltr'><strong>ttmcn</strong></span> <span class='ocrx_word' id='word_1_8' title='bbox 1074 499 1083 508; x_wconf 46' lang='lat'><em>⁰</em></span> 
     </span>
     <span class='ocr_line' id='line_1_3' title="bbox 78 623 1033 712; baseline 0.002 -24"><span class='ocrx_word' id='word_1_9' title='bbox 78 625 168 705; x_wconf 71' lang='lat' dir='ltr'><strong>laone</strong></span> <span class='ocrx_word' id='word_1_10' title='bbox 197 623 432 689; x_wconf 81' lang='lat' dir='ltr'><strong>correctionem</strong></span> <span class='ocrx_word' id='word_1_11' title='bbox 464 624 693 712; x_wconf 75' lang='lat' dir='ltr'><strong>praestiterim.</strong></span> <span class='ocrx_word' id='word_1_12' title='bbox 726 661 770 672; x_wconf 84' lang='lat'><strong>--</strong></span> <span class='ocrx_word' id='word_1_13' title='bbox 796 626 906 688; x_wconf 76' lang='lat' dir='ltr'><strong>nostri</strong></span> <span class='ocrx_word' id='word_1_14' title='bbox 928 647 1033 711; x_wconf 78' lang='lat' dir='ltr'><strong>paene</strong></span> 
     </span>
     <span class='ocr_line' id='line_1_4' title="bbox 78 725 1095 818; baseline -0.002 -26"><span class='ocrx_word' id='word_1_15' title='bbox 78 727 180 812; x_wconf 81' lang='lat' dir='ltr'><strong>oevi]</strong></span> <span class='ocrx_word' id='word_1_16' title='bbox 212 725 288 793; x_wconf 85' lang='lat' dir='ltr'><strong>Non</strong></span> <span class='ocrx_word' id='word_1_17' title='bbox 312 736 377 790; x_wconf 90' lang='lat' dir='ltr'><strong>tam</strong></span> <span class='ocrx_word' id='word_1_18' title='bbox 398 729 553 808; x_wconf 74' lang='lat' dir='ltr'><strong>maxime,</strong></span> <span class='ocrx_word' id='word_1_19' title='bbox 582 726 672 813; x_wconf 86' lang='lat' dir='ltr'><strong>quod</strong></span> <span class='ocrx_word' id='word_1_20' title='bbox 694 725 873 814; x_wconf 74' lang='lat' dir='ltr'><strong>praecedit,</strong></span> <span class='ocrx_word' id='word_1_21' title='bbox 900 737 934 792; x_wconf 88' lang='lat' dir='ltr'><strong>ct</strong></span> <span class='ocrx_word' id='word_1_22' title='bbox 959 749 1031 814; x_wconf 83' lang='lat' dir='ltr'><strong>cap.</strong></span> <span class='ocrx_word' id='word_1_23' title='bbox 1091 809 1095 818; x_wconf 35' lang='grc' dir='ltr'>Ι</span> 
     </span>
     <span class='ocr_line' id='line_1_5' title="bbox 79 827 1035 919; baseline 0 -25"><span class='ocrx_word' id='word_1_24' title='bbox 79 830 158 894; x_wconf 81' lang='lat'><strong>127.</strong></span> <span class='ocrx_word' id='word_1_25' title='bbox 188 853 249 918; x_wconf 89' lang='lat' dir='ltr'><strong>pro</strong></span> <span class='ocrx_word' id='word_1_26' title='bbox 274 832 425 918; x_wconf 78' lang='lat' dir='ltr'><strong><em>proxime</em></strong></span> <span class='ocrx_word' id='word_1_27' title='bbox 454 827 488 893; x_wconf 89' lang='lat' dir='ltr'><strong>in</strong></span> <span class='ocrx_word' id='word_1_28' title='bbox 516 828 630 896; x_wconf 85' lang='lat' dir='ltr'><strong>codice</strong></span> <span class='ocrx_word' id='word_1_29' title='bbox 660 827 794 915; x_wconf 78' lang='lat' dir='ltr'><strong>legitur,</strong></span> <span class='ocrx_word' id='word_1_30' title='bbox 823 851 864 894; x_wconf 82' lang='lat' dir='ltr'><strong>ex</strong></span> <span class='ocrx_word' id='word_1_31' title='bbox 889 832 1035 919; x_wconf 72' lang='lat' dir='ltr'><strong>proximi</strong></span> 
     </span>
     <span class='ocr_line' id='line_1_6' title="bbox 77 930 1033 1020; baseline -0.002 -22"><span class='ocrx_word' id='word_1_32' title='bbox 77 933 272 1015; x_wconf 87' lang='lat' dir='ltr'><strong>subortum,</strong></span> <span class='ocrx_word' id='word_1_33' title='bbox 301 956 399 1020; x_wconf 86' lang='lat' dir='ltr'><strong>quam</strong></span> <span class='ocrx_word' id='word_1_34' title='bbox 422 955 529 1020; x_wconf 77' lang='lat' dir='ltr'><strong>poene</strong></span> <span class='ocrx_word' id='word_1_35' title='bbox 564 955 582 995; x_wconf 87' lang='lat' dir='ltr'><strong>a</strong></span> <span class='ocrx_word' id='word_1_36' title='bbox 611 941 769 1018; x_wconf 88' lang='lat' dir='ltr'><strong>sequente</strong></span> <span class='ocrx_word' id='word_1_37' title='bbox 798 933 874 997; x_wconf 82' lang='lat' dir='ltr'><strong>oevi</strong></span> <span class='ocrx_word' id='word_1_38' title='bbox 899 930 1033 996; x_wconf 86' lang='lat' dir='ltr'><strong>interce·</strong></span> 
     </span>
     <span class='ocr_line' id='line_1_7' title="bbox 77 1030 1030 1124; baseline -0.001 -24"><span class='ocrx_word' id='word_1_39' title='bbox 77 1047 176 1124; x_wconf 89' lang='lat' dir='ltr'><strong>ptum</strong></span> <span class='ocrx_word' id='word_1_40' title='bbox 199 1059 272 1102; x_wconf 83' lang='lat' dir='ltr'><strong>esse</strong></span> <span class='ocrx_word' id='word_1_41' title='bbox 295 1033 458 1121; x_wconf 89' lang='lat' dir='ltr'><strong>suspicor.</strong></span> <span class='ocrx_word' id='word_1_42' title='bbox 502 1030 661 1098; x_wconf 81' lang='lat' dir='ltr'><strong>Similiter</strong></span> <span class='ocrx_word' id='word_1_43' title='bbox 681 1031 831 1099; x_wconf 78' lang='lat' dir='ltr'><strong>Velleius</strong></span> <span class='ocrx_word' id='word_1_44' title='bbox 854 1033 939 1098; x_wconf 80' lang='lat' dir='ltr'><strong>inira</strong></span> <span class='ocrx_word' id='word_1_45' title='bbox 959 1058 1030 1123; x_wconf 89' lang='lat' dir='ltr'><strong>cap.</strong></span> 
     </span>
     <span class='ocr_line' id='line_1_8' title="bbox 77 1135 1114 1234; baseline -0.006 -32"><span class='ocrx_word' id='word_1_46' title='bbox 77 1137 137 1203; x_wconf 84' lang='lat'><strong>53.</strong></span> <span class='ocrx_word' id='word_1_47' title='bbox 161 1135 311 1234; x_wconf 77' lang='lat' dir='ltr'><strong>scripsitr</strong></span> <span class='ocrx_word' id='word_1_48' title='bbox 341 1159 422 1225; x_wconf 79' lang='lat' dir='ltr'><strong>quos</strong></span> <span class='ocrx_word' id='word_1_49' title='bbox 445 1137 481 1200; x_wconf 82' lang='lat' dir='ltr'><strong>in</strong></span> <span class='ocrx_word' id='word_1_50' title='bbox 502 1145 613 1201; x_wconf 83' lang='lat' dir='ltr'><strong>oetote</strong></span> <span class='ocrx_word' id='word_1_51' title='bbox 641 1145 681 1200; x_wconf 77' lang='lat' dir='ltr'><strong>et</strong></span> <span class='ocrx_word' id='word_1_52' title='bbox 695 1136 781 1200; x_wconf 81' lang='lat' dir='ltr'><strong>tenti</strong></span> <span class='ocrx_word' id='word_1_53' title='bbox 801 1144 835 1199; x_wconf 89' lang='lat' dir='ltr'><strong>et</strong></span> <span class='ocrx_word' id='word_1_54' title='bbox 851 1157 957 1222; x_wconf 83' lang='lat' dir='ltr'><strong>poene</strong></span> <span class='ocrx_word' id='word_1_55' title='bbox 978 1157 1033 1198; x_wconf 85' lang='lat' dir='ltr'><strong>no·</strong></span> <span class='ocrx_word' id='word_1_56' title='bbox 1110 1186 1114 1196; x_wconf 84' lang='lat'>.</span> 
     </span>
    </p>
   </div>
   <div class='ocr_carea' id='block_1_3' title="bbox 74 1235 1158 1327">
    <p class='ocr_par' dir='ltr' id='par_1_3' title="bbox 74 1235 1158 1327">
     <span class='ocr_line' id='line_1_9' title="bbox 74 1235 1158 1327; baseline -0.001 -22"><span class='ocrx_word' id='word_1_57' title='bbox 74 1243 145 1306; x_wconf 78' lang='lat' dir='ltr'><strong>stri</strong></span> <span class='ocrx_word' id='word_1_58' title='bbox 164 1239 269 1304; x_wconf 84' lang='lat' dir='ltr'><strong>seculi</strong></span> <span class='ocrx_word' id='word_1_59' title='bbox 287 1240 352 1302; x_wconf 86' lang='lat' dir='ltr'><strong>uiri</strong></span> <span class='ocrx_word' id='word_1_60' title='bbox 373 1235 496 1323; x_wconf 75' lang='lat' dir='ltr'><strong>fefellit</strong></span> <span class='ocrx_word' id='word_1_61' title='bbox 516 1237 787 1327; x_wconf 79' lang='lat' dir='ltr'><strong>quinquennium.</strong></span> <span class='ocrx_word' id='word_1_62' title='bbox 803 1272 846 1286; x_wconf 90' lang='lat'><strong>-—</strong></span> <span class='ocrx_word' id='word_1_63' title='bbox 873 1235 955 1326; x_wconf 81' lang='lat' dir='ltr'><strong>Cep.</strong></span> <span class='ocrx_word' id='word_1_64' title='bbox 979 1236 1031 1302; x_wconf 83' lang='lat'><strong>37.</strong></span> <span class='ocrx_word' id='word_1_65' title='bbox 1151 1291 1158 1304; x_wconf 87' lang='lat'>.</span> 
     </span>
    </p>
   </div>
   <div class='ocr_carea' id='block_1_4' title="bbox 12 1338 1128 2764">
    <p class='ocr_par' dir='ltr' id='par_1_4' title="bbox 12 1338 1128 1846">
     <span class='ocr_line' id='line_1_10' title="bbox 75 1338 1033 1426; baseline -0.002 -18"><span class='ocrx_word' id='word_1_66' title='bbox 75 1340 329 1424; x_wconf 74' lang='lat' dir='ltr'><strong>Mithridatem]</strong></span> <span class='ocrx_word' id='word_1_67' title='bbox 353 1338 694 1426; x_wconf 57' lang='lat' dir='ltr'><strong>endromidatus.</strong></span> <span class='ocrx_word' id='word_1_68' title='bbox 737 1339 817 1405; x_wconf 82' lang='lat' dir='ltr'><strong>Vid.</strong></span> <span class='ocrx_word' id='word_1_69' title='bbox 842 1339 1033 1408; x_wconf 84' lang='lat' dir='ltr'><strong>Schneideri</strong></span> 
     </span>
     <span class='ocr_line' id='line_1_11' title="bbox 76 1441 1033 1530; baseline 0.002 -20"><span class='ocrx_word' id='word_1_70' title='bbox 76 1443 227 1514; x_wconf 81' lang='lat' dir='ltr'><strong>Gratum.</strong></span> <span class='ocrx_word' id='word_1_71' title='bbox 250 1442 326 1507; x_wconf 89' lang='lat' dir='ltr'><strong>Lat.</strong></span> <span class='ocrx_word' id='word_1_72' title='bbox 348 1442 439 1506; x_wconf 86' lang='lat' dir='ltr'><strong>Part.</strong></span> <span class='ocrx_word' id='word_1_73' title='bbox 462 1441 509 1506; x_wconf 93' lang='grc'><strong>11.</strong></span> <span class='ocrx_word' id='word_1_74' title='bbox 531 1441 610 1506; x_wconf 82' lang='lat' dir='ltr'><strong>vot.</strong></span> <span class='ocrx_word' id='word_1_75' title='bbox 634 1442 662 1507; x_wconf 92' lang='lat'><strong>1.</strong></span> <span class='ocrx_word' id='word_1_76' title='bbox 685 1465 720 1530; x_wconf 88' lang='lat' dir='ltr'><strong>p.</strong></span> <span class='ocrx_word' id='word_1_77' title='bbox 743 1441 797 1506; x_wconf 85' lang='grc'><strong>43.</strong></span> <span class='ocrx_word' id='word_1_78' title='bbox 827 1479 869 1494; x_wconf 90' lang='lat'><strong>·-</strong></span> <span class='ocrx_word' id='word_1_79' title='bbox 895 1447 1033 1512; x_wconf 79' lang='lat' dir='ltr'><strong>redacto</strong></span> 
     </span>
     <span class='ocr_line' id='line_1_12' title="bbox 76 1543 1032 1641; baseline -0.002 -27"><span class='ocrx_word' id='word_1_80' title='bbox 76 1550 127 1614; x_wconf 82' lang='lat' dir='ltr'><strong>ad</strong></span> <span class='ocrx_word' id='word_1_81' title='bbox 154 1545 378 1641; x_wconf 77' lang='lat' dir='ltr'><strong>quaestorem]</strong></span> <span class='ocrx_word' id='word_1_82' title='bbox 407 1543 597 1608; x_wconf 79' lang='lat' dir='ltr'><strong>Ruhukcnii</strong></span> <span class='ocrx_word' id='word_1_83' title='bbox 625 1545 904 1629; x_wconf 77' lang='lat' dir='ltr'><strong>emendationem,</strong></span> <span class='ocrx_word' id='word_1_84' title='bbox 932 1569 1032 1634; x_wconf 86' lang='lat' dir='ltr'><strong>quum</strong></span> 
     </span>
     <span class='ocr_line' id='line_1_13' title="bbox 76 1647 1030 1743; baseline 0 -27"><span class='ocrx_word' id='word_1_85' title='bbox 76 1647 205 1716; x_wconf 86' lang='lat' dir='ltr'><strong>codicis</strong></span> <span class='ocrx_word' id='word_1_86' title='bbox 227 1647 407 1736; x_wconf 75' lang='lat' dir='ltr'><strong>scripturae</strong></span> <span class='ocrx_word' id='word_1_87' title='bbox 420 1649 559 1714; x_wconf 82' lang='lat' dir='ltr'><strong>redacto</strong></span> <span class='ocrx_word' id='word_1_88' title='bbox 573 1651 610 1712; x_wconf 86' lang='lat' dir='ltr'><strong>in</strong></span> <span class='ocrx_word' id='word_1_89' title='bbox 630 1650 819 1743; x_wconf 70' lang='lat' dir='ltr'><strong>quaestoria</strong></span> <span class='ocrx_word' id='word_1_90' title='bbox 826 1659 1030 1739; x_wconf 58' lang='lat' dir='ltr'><strong>potestaten,</strong></span> 
     </span>
     <span class='ocr_line' id='line_1_14' title="bbox 12 1749 1128 1846; baseline -0.002 -26"><span class='ocrx_word' id='word_1_91' title='bbox 12 1843 13 1846; x_wconf 8' lang='grc' dir='ltr'><strong>Ἴ</strong></span> <span class='ocrx_word' id='word_1_92' title='bbox 76 1775 99 1820; x_wconf 77' lang='lat' dir='ltr'><strong>a</strong></span> <span class='ocrx_word' id='word_1_93' title='bbox 125 1752 350 1819; x_wconf 83' lang='lat' dir='ltr'><strong>Romanorum</strong></span> <span class='ocrx_word' id='word_1_94' title='bbox 382 1751 621 1818; x_wconf 88' lang='lat' dir='ltr'><strong>consuetudine</strong></span> <span class='ocrx_word' id='word_1_95' title='bbox 653 1753 845 1836; x_wconf 77' lang='lat' dir='ltr'><strong>abhorreat,</strong></span> <span class='ocrx_word' id='word_1_96' title='bbox 884 1749 1033 1840; x_wconf 87' lang='lat' dir='ltr'><strong>recipere</strong></span> <span class='ocrx_word' id='word_1_97' title='bbox 1125 1783 1128 1792; x_wconf 90' lang='lat'>·</span> 
     </span>
    </p>

    <p class='ocr_par' dir='ltr' id='par_1_5' title="bbox 76 1850 1103 2764">
     <span class='ocr_line' id='line_1_15' title="bbox 76 1850 1032 1945; baseline -0.003 -21"><span class='ocrx_word' id='word_1_98' title='bbox 76 1880 147 1924; x_wconf 87' lang='lat' dir='ltr'><strong>non</strong></span> <span class='ocrx_word' id='word_1_99' title='bbox 168 1856 325 1923; x_wconf 78' lang='lat' dir='ltr'><strong>dubitari.</strong></span> <span class='ocrx_word' id='word_1_100' title='bbox 347 1893 391 1906; x_wconf 88' lang='lat'>-</span> <span class='ocrx_word' id='word_1_101' title='bbox 434 1856 516 1944; x_wconf 80' lang='lat' dir='ltr'><strong>Cap.</strong></span> <span class='ocrx_word' id='word_1_102' title='bbox 539 1854 592 1921; x_wconf 80' lang='lat'><strong>38.</strong></span> <span class='ocrx_word' id='word_1_103' title='bbox 614 1866 655 1922; x_wconf 83' lang='lat' dir='ltr'><strong>ut</strong></span> <span class='ocrx_word' id='word_1_104' title='bbox 674 1850 821 1945; x_wconf 76' lang='lat' dir='ltr'><strong>facilius]</strong></span> <span class='ocrx_word' id='word_1_105' title='bbox 844 1855 943 1922; x_wconf 85' lang='lat' dir='ltr'><strong>Haud</strong></span> <span class='ocrx_word' id='word_1_106' title='bbox 963 1855 1032 1922; x_wconf 88' lang='lat' dir='ltr'><strong>acio</strong></span> 
     </span>
     <span class='ocr_line' id='line_1_16' title="bbox 77 1953 1103 2048; baseline -0.006 -22"><span class='ocrx_word' id='word_1_107' title='bbox 77 1985 122 2026; x_wconf 81' lang='lat' dir='ltr'><strong>aa</strong></span> <span class='ocrx_word' id='word_1_108' title='bbox 149 1970 237 2025; x_wconf 87' lang='lat' dir='ltr'><strong>recte</strong></span> <span class='ocrx_word' id='word_1_109' title='bbox 266 1960 466 2042; x_wconf 79' lang='lat' dir='ltr'><strong>Rhenanus,</strong></span> <span class='ocrx_word' id='word_1_110' title='bbox 495 1981 595 2047; x_wconf 87' lang='lat' dir='ltr'><strong>quum</strong></span> <span class='ocrx_word' id='word_1_111' title='bbox 623 1956 757 2045; x_wconf 74' lang='lat' dir='ltr'><strong>facilius</strong></span> <span class='ocrx_word' id='word_1_112' title='bbox 785 1969 824 2024; x_wconf 83' lang='lat' dir='ltr'><strong>ut</strong></span> <span class='ocrx_word' id='word_1_113' title='bbox 851 1980 892 2022; x_wconf 87' lang='lat' dir='ltr'><strong>cx</strong></span> <span class='ocrx_word' id='word_1_114' title='bbox 919 1953 1032 2024; x_wconf 88' lang='lat' dir='ltr'><strong>codice</strong></span> <span class='ocrx_word' id='word_1_115' title='bbox 1097 2039 1103 2048; x_wconf 17' lang='grc' dir='ltr'><strong>ἡ</strong></span> 
     </span>
     <span class='ocr_line' id='line_1_17' title="bbox 77 2059 1033 2144; baseline -0.004 -16"><span class='ocrx_word' id='word_1_116' title='bbox 77 2061 250 2143; x_wconf 82' lang='lat' dir='ltr'><strong>edidisset,</strong></span> <span class='ocrx_word' id='word_1_117' title='bbox 272 2063 388 2128; x_wconf 86' lang='lat' dir='ltr'><strong>horum</strong></span> <span class='ocrx_word' id='word_1_118' title='bbox 407 2061 580 2128; x_wconf 84' lang='lat' dir='ltr'><strong>verborum</strong></span> <span class='ocrx_word' id='word_1_119' title='bbox 603 2061 765 2144; x_wconf 81' lang='lat' dir='ltr'><strong>ordinem,</strong></span> <span class='ocrx_word' id='word_1_120' title='bbox 792 2059 871 2128; x_wconf 91' lang='lat' dir='ltr'><strong>licet</strong></span> <span class='ocrx_word' id='word_1_121' title='bbox 899 2060 1033 2127; x_wconf 84' lang='lat' dir='ltr'><strong>coniun-</strong></span> 
     </span>
     <span class='ocr_line' id='line_1_18' title="bbox 78 2162 1032 2252; baseline -0.005 -21"><span class='ocrx_word' id='word_1_122' title='bbox 78 2164 147 2232; x_wconf 92' lang='lat' dir='ltr'><strong>ctio</strong></span> <span class='ocrx_word' id='word_1_123' title='bbox 168 2178 208 2230; x_wconf 84' lang='lat' dir='ltr'><strong>ut</strong></span> <span class='ocrx_word' id='word_1_124' title='bbox 228 2164 307 2230; x_wconf 85' lang='lat' dir='ltr'><strong>alibi</strong></span> <span class='ocrx_word' id='word_1_125' title='bbox 329 2187 460 2252; x_wconf 90' lang='lat' dir='ltr'><strong>quoquc</strong></span> <span class='ocrx_word' id='word_1_126' title='bbox 483 2174 712 2252; x_wconf 77' lang='lat' dir='ltr'><strong>postponatur,</strong></span> <span class='ocrx_word' id='word_1_127' title='bbox 742 2174 775 2228; x_wconf 90' lang='lat' dir='ltr'><strong>et</strong></span> <span class='ocrx_word' id='word_1_128' title='bbox 806 2163 895 2250; x_wconf 90' lang='lat' dir='ltr'><strong>apud</strong></span> <span class='ocrx_word' id='word_1_129' title='bbox 922 2162 1032 2228; x_wconf 82' lang='lat' dir='ltr'><strong>Velle·</strong></span> 
     </span>
     <span class='ocr_line' id='line_1_19' title="bbox 78 2263 1031 2366; baseline -0.004 -33"><span class='ocrx_word' id='word_1_130' title='bbox 78 2270 149 2334; x_wconf 88' lang='lat' dir='ltr'><strong>ium</strong></span> <span class='ocrx_word' id='word_1_131' title='bbox 169 2267 255 2332; x_wconf 77' lang='lat' dir='ltr'><strong>infra</strong></span> <span class='ocrx_word' id='word_1_132' title='bbox 276 2290 348 2354; x_wconf 85' lang='lat' dir='ltr'><strong>cap.</strong></span> <span class='ocrx_word' id='word_1_133' title='bbox 374 2263 447 2329; x_wconf 88' lang='grc'><strong>104.</strong></span> <span class='ocrx_word' id='word_1_134' title='bbox 468 2268 619 2352; x_wconf 76' lang='lat' dir='ltr'><strong>protimus</strong></span> <span class='ocrx_word' id='word_1_135' title='bbox 639 2267 721 2356; x_wconf 81' lang='lat' dir='ltr'><strong>quire</strong></span> <span class='ocrx_word' id='word_1_136' title='bbox 736 2265 922 2366; x_wconf 66' lang='lat' dir='ltr'><strong>oeliieerept</strong></span> <span class='ocrx_word' id='word_1_137' title='bbox 941 2286 1031 2352; x_wconf 90' lang='lat' dir='ltr'><strong>repe·</strong></span> 
     </span>
     <span class='ocr_line' id='line_1_20' title="bbox 78 2366 1031 2454; baseline -0.002 -20"><span class='ocrx_word' id='word_1_138' title='bbox 78 2368 202 2450; x_wconf 86' lang='lat' dir='ltr'><strong>riatur,</strong></span> <span class='ocrx_word' id='word_1_139' title='bbox 238 2366 474 2433; x_wconf 74' lang='lat' dir='ltr'><strong>immutandum</strong></span> <span class='ocrx_word' id='word_1_140' title='bbox 514 2390 587 2432; x_wconf 87' lang='lat' dir='ltr'><strong>esse</strong></span> <span class='ocrx_word' id='word_1_141' title='bbox 623 2367 800 2454; x_wconf 58' lang='lat' dir='ltr'><strong>censuerit,</strong></span> <span class='ocrx_word' id='word_1_142' title='bbox 837 2405 880 2416; x_wconf 89' lang='lat'><em>-</em></span> <span class='ocrx_word' id='word_1_143' title='bbox 917 2368 1031 2453; x_wconf 86' lang='lat' dir='ltr'><strong>tertio]</strong></span> 
     </span>
     <span class='ocr_line' id='line_1_21' title="bbox 77 2468 1033 2560; baseline -0.001 -24"><span class='ocrx_word' id='word_1_144' title='bbox 77 2471 238 2548; x_wconf 85' lang='lat' dir='ltr'><strong>Crollium</strong></span> <span class='ocrx_word' id='word_1_145' title='bbox 259 2494 449 2560; x_wconf 76' lang='lat' dir='ltr'><strong>perperam,</strong></span> <span class='ocrx_word' id='word_1_146' title='bbox 471 2495 573 2558; x_wconf 87' lang='lat' dir='ltr'><strong>quum</strong></span> <span class='ocrx_word' id='word_1_147' title='bbox 599 2470 633 2536; x_wconf 88' lang='lat' dir='ltr'><strong>iu</strong></span> <span class='ocrx_word' id='word_1_148' title='bbox 655 2468 801 2536; x_wconf 79' lang='lat' dir='ltr'><strong>editione</strong></span> <span class='ocrx_word' id='word_1_149' title='bbox 820 2468 1033 2535; x_wconf 77' lang='lat' dir='ltr'><strong>Rhenauiana</strong></span> 
     </span>
     <span class='ocr_line' id='line_1_22' title="bbox 76 2572 1032 2661; baseline -0.002 -21"><span class='ocrx_word' id='word_1_150' title='bbox 76 2576 155 2640; x_wconf 88' lang='grc' dir='ltr'><strong>ΙΙΙ.</strong></span> <span class='ocrx_word' id='word_1_151' title='bbox 183 2574 385 2657; x_wconf 85' lang='lat' dir='ltr'><strong>invenisset,</strong></span> <span class='ocrx_word' id='word_1_152' title='bbox 415 2577 549 2640; x_wconf 85' lang='lat' dir='ltr'><strong>tertium</strong></span> <span class='ocrx_word' id='word_1_153' title='bbox 574 2572 768 2661; x_wconf 83' lang='lat' dir='ltr'><strong>scripsisse,</strong></span> <span class='ocrx_word' id='word_1_154' title='bbox 799 2595 889 2637; x_wconf 86' lang='lat' dir='ltr'><strong>nnnc</strong></span> <span class='ocrx_word' id='word_1_155' title='bbox 917 2595 958 2638; x_wconf 84' lang='lat' dir='ltr'><strong>ex</strong></span> <span class='ocrx_word' id='word_1_156' title='bbox 980 2596 1032 2639; x_wconf 92' lang='lat' dir='ltr'><strong>co·</strong></span> 
     </span>
     <span class='ocr_line' id='line_1_23' title="bbox 78 2669 1032 2764; baseline 0.002 -24"><span class='ocrx_word' id='word_1_157' title='bbox 78 2669 156 2742; x_wconf 88' lang='lat' dir='ltr'><strong>dice</strong></span> <span class='ocrx_word' id='word_1_158' title='bbox 173 2675 336 2764; x_wconf 82' lang='lat' dir='ltr'><strong>apparuit.</strong></span> <span class='ocrx_word' id='word_1_159' title='bbox 381 2675 609 2742; x_wconf 81' lang='lat' dir='ltr'><strong>Ruhnkenius·</strong></span> <span class='ocrx_word' id='word_1_160' title='bbox 630 2675 664 2740; x_wconf 89' lang='lat' dir='ltr'><strong>in</strong></span> <span class='ocrx_word' id='word_1_161' title='bbox 686 2675 896 2740; x_wconf 85' lang='lat' dir='ltr'><strong>adnotatione</strong></span> <span class='ocrx_word' id='word_1_162' title='bbox 926 2675 1032 2748; x_wconf 73' lang='lat' dir='ltr'><strong>subie-</strong></span> 
     </span>
    </p>
   </div>
   <div class='ocr_carea' id='block_1_5' title="bbox 78 2775 1181 2970">
    <p class='ocr_par' dir='ltr' id='par_1_6' title="bbox 78 2775 1181 2970">
     <span class='ocr_line' id='line_1_24' title="bbox 78 2775 1141 2876; baseline -0.005 -32"><span class='ocrx_word' id='word_1_163' title='bbox 78 2790 130 2844; x_wconf 86' lang='lat' dir='ltr'><strong>cta</strong></span> <span class='ocrx_word' id='word_1_164' title='bbox 151 2791 245 2845; x_wconf 82' lang='lat' dir='ltr'><strong>roctc</strong></span> <span class='ocrx_word' id='word_1_165' title='bbox 260 2780 373 2866; x_wconf 88' lang='lat' dir='ltr'><strong>posuit</strong></span> <span class='ocrx_word' id='word_1_166' title='bbox 396 2781 504 2862; x_wconf 86' lang='lat' dir='ltr'><strong>tertio,</strong></span> <span class='ocrx_word' id='word_1_167' title='bbox 533 2776 740 2876; x_wconf 75' lang='lat' dir='ltr'><strong>quodetiam</strong></span> <span class='ocrx_word' id='word_1_168' title='bbox 763 2798 834 2866; x_wconf 87' lang='lat' dir='ltr'><strong>cap.</strong></span> <span class='ocrx_word' id='word_1_169' title='bbox 858 2775 913 2842; x_wconf 87' lang='grc'><strong>40.</strong></span> <span class='ocrx_word' id='word_1_170' title='bbox 936 2787 970 2842; x_wconf 90' lang='lat' dir='ltr'><strong>ct</strong></span> <span class='ocrx_word' id='word_1_171' title='bbox 991 2793 1031 2840; x_wconf 81' lang='lat' dir='ltr'><strong>c&#39;x</strong></span> <span class='ocrx_word' id='word_1_172' title='bbox 1138 2843 1141 2857; x_wconf 57' lang='grc'><strong><em>,</em></strong></span> 
     </span>
     <span class='ocr_line' id='line_1_25' title="bbox 78 2879 1181 2970; baseline -0.005 -22"><span class='ocrx_word' id='word_1_173' title='bbox 78 2895 134 2948; x_wconf 90' lang='lat' dir='ltr'><strong>tua</strong></span> <span class='ocrx_word' id='word_1_174' title='bbox 151 2883 388 2960; x_wconf 83' lang='lat' dir='ltr'><strong>&#39;emendatione</strong></span> <span class='ocrx_word' id='word_1_175' title='bbox 424 2905 496 2970; x_wconf 89' lang='lat' dir='ltr'><strong>cap.</strong></span> <span class='ocrx_word' id='word_1_176' title='bbox 528 2880 583 2946; x_wconf 80' lang='lat'><strong>89.</strong></span> <span class='ocrx_word' id='word_1_177' title='bbox 611 2879 744 2967; x_wconf 77' lang='lat' dir='ltr'><strong>legitur.</strong></span> <span class='ocrx_word' id='word_1_178' title='bbox 777 2917 820 2928; x_wconf 90' lang='lat'><strong>—-—</strong></span> <span class='ocrx_word' id='word_1_179' title='bbox 863 2880 945 2968; x_wconf 89' lang='lat' dir='ltr'><strong>Cap.</strong></span> <span class='ocrx_word' id='word_1_180' title='bbox 976 2879 1028 2944; x_wconf 75' lang='lat'><strong>39.</strong></span> <span class='ocrx_word' id='word_1_181' title='bbox 1082 2901 1087 2914; x_wconf 90' lang='lat'>·</span> <span class='ocrx_word' id='word_1_182' title='bbox 1139 2935 1142 2940; x_wconf 93' lang='lat'>.</span> <span class='ocrx_word' id='word_1_183' title='bbox 1171 2915 1181 2950; x_wconf 61' lang='grc' dir='ltr'>ῃ</span> 
     </span>
    </p>
   </div>
   <div class='ocr_carea' id='block_1_6' title="bbox 77 2977 1090 3596">
    <p class='ocr_par' dir='ltr' id='par_1_7' title="bbox 77 2977 1090 3596">
     <span class='ocr_line' id='line_1_26' title="bbox 78 2977 1030 3071; baseline -0.006 -20"><span class='ocrx_word' id='word_1_184' title='bbox 78 2977 307 3071; x_wconf 82' lang='lat' dir='ltr'><strong>Stipendioria</strong></span> <span class='ocrx_word' id='word_1_185' title='bbox 336 2983 377 3048; x_wconf 81' lang='lat' dir='ltr'><strong>ab</strong></span> <span class='ocrx_word' id='word_1_186' title='bbox 406 2985 520 3050; x_wconf 87' lang='lat' dir='ltr'><strong>eodem</strong></span> <span class='ocrx_word' id='word_1_187' title='bbox 548 2980 641 3069; x_wconf 74' lang='lat' dir='ltr'><strong>foeta</strong></span> <span class='ocrx_word' id='word_1_188' title='bbox 667 2983 853 3067; x_wconf 71' lang='lat' dir='ltr'><strong>Numidia]</strong></span> <span class='ocrx_word' id='word_1_189' title='bbox 886 2981 1030 3046; x_wconf 84' lang='lat' dir='ltr'><strong>Crollius</strong></span> 
     </span>
     <span class='ocr_line' id='line_1_27' title="bbox 77 3087 1074 3176; baseline -0.01 -19"><span class='ocrx_word' id='word_1_190' title='bbox 77 3089 274 3157; x_wconf 80' lang='lat' dir='ltr'><strong>vocobulum</strong></span> <span class='ocrx_word' id='word_1_191' title='bbox 299 3091 530 3176; x_wconf 83' lang='lat' dir='ltr'><strong>stipendiario,</strong></span> <span class='ocrx_word' id='word_1_192' title='bbox 564 3111 665 3174; x_wconf 84' lang='lat' dir='ltr'><strong>quum</strong></span> <span class='ocrx_word' id='word_1_193' title='bbox 686 3087 885 3174; x_wconf 78' lang='lat' dir='ltr'><strong>stipendium</strong></span> <span class='ocrx_word' id='word_1_194' title='bbox 903 3106 1031 3174; x_wconf 80' lang='lat' dir='ltr'><strong>praece·</strong></span> <span class='ocrx_word' id='word_1_195' title='bbox 1072 3167 1074 3170; x_wconf 22' lang='grc' dir='ltr'>Ι</span> 
     </span>
     <span class='ocr_line' id='line_1_28' title="bbox 78 3187 1079 3281; baseline -0.011 -23"><span class='ocrx_word' id='word_1_196' title='bbox 78 3194 146 3277; x_wconf 87' lang='lat' dir='ltr'><strong>dat,</strong></span> <span class='ocrx_word' id='word_1_197' title='bbox 169 3193 383 3281; x_wconf 85' lang='lat' dir='ltr'><strong>probabiliter</strong></span> <span class='ocrx_word' id='word_1_198' title='bbox 401 3191 587 3258; x_wconf 87' lang='lat' dir='ltr'><strong>restituisse</strong></span> <span class='ocrx_word' id='word_1_199' title='bbox 606 3190 748 3255; x_wconf 79' lang='lat' dir='ltr'><strong>videtur.</strong></span> <span class='ocrx_word' id='word_1_200' title='bbox 784 3187 902 3275; x_wconf 88' lang='lat' dir='ltr'><strong>Neque</strong></span> <span class='ocrx_word' id='word_1_201' title='bbox 924 3195 1031 3251; x_wconf 88' lang='lat' dir='ltr'><strong>tumen</strong></span> <span class='ocrx_word' id='word_1_202' title='bbox 1076 3236 1079 3245; x_wconf 91' lang='lat'>.</span> 
     </span>
     <span class='ocr_line' id='line_1_29' title="bbox 79 3284 1090 3385; baseline -0.009 -23"><span class='ocrx_word' id='word_1_203' title='bbox 79 3284 274 3385; x_wconf 69' lang='lat' dir='ltr'><strong>spreierimz</strong></span> <span class='ocrx_word' id='word_1_204' title='bbox 297 3297 352 3362; x_wconf 80' lang='lat' dir='ltr'><strong>Ab</strong></span> <span class='ocrx_word' id='word_1_205' title='bbox 373 3297 488 3362; x_wconf 86' lang='lat' dir='ltr'><strong>codem</strong></span> <span class='ocrx_word' id='word_1_206' title='bbox 509 3293 621 3381; x_wconf 76' lang='lat' dir='ltr'><strong>fracta</strong></span> <span class='ocrx_word' id='word_1_207' title='bbox 643 3292 821 3376; x_wconf 80' lang='lat' dir='ltr'><strong>Numidia,</strong></span> <span class='ocrx_word' id='word_1_208' title='bbox 834 3290 925 3380; x_wconf 88' lang='lat' dir='ltr'><strong>quod</strong></span> <span class='ocrx_word' id='word_1_209' title='bbox 945 3288 1031 3356; x_wconf 87' lang='lat' dir='ltr'><strong>Box·</strong></span> <span class='ocrx_word' id='word_1_210' title='bbox 1086 3346 1090 3363; x_wconf 82' lang='grc'><strong>,</strong></span> 
     </span>
     <span class='ocr_line' id='line_1_30' title="bbox 78 3389 1029 3487; baseline -0.005 -24"><span class='ocrx_word' id='word_1_211' title='bbox 78 3400 193 3466; x_wconf 85' lang='grc' dir='ltr'>Ιιοιιιίο</span> <span class='ocrx_word' id='word_1_212' title='bbox 207 3407 249 3465; x_wconf 79' lang='lat' dir='ltr'><strong>&#39;ct</strong></span> <span class='ocrx_word' id='word_1_213' title='bbox 267 3389 408 3465; x_wconf 86' lang='lat' dir='ltr'><strong>Heinsio</strong></span> <span class='ocrx_word' id='word_1_214' title='bbox 430 3397 566 3487; x_wconf 79' lang='lat' dir='ltr'><strong>placuit,</strong></span> <span class='ocrx_word' id='word_1_215' title='bbox 583 3394 782 3462; x_wconf 80' lang='lat' dir='ltr'><strong>Rulrnlrcnio</strong></span> <span class='ocrx_word' id='word_1_216' title='bbox 796 3393 1029 3484; x_wconf 82' lang='lat' dir='ltr'><strong>adstipulante.</strong></span> 
     </span>
     <span class='ocr_line' id='line_1_31' title="bbox 79 3497 1029 3596; baseline -0.007 -28"><span class='ocrx_word' id='word_1_217' title='bbox 79 3502 135 3568; x_wconf 85' lang='lat' dir='ltr'><strong>Sic</strong></span> <span class='ocrx_word' id='word_1_218' title='bbox 157 3503 187 3587; x_wconf 87' lang='lat'><strong>1,</strong></span> <span class='ocrx_word' id='word_1_219' title='bbox 218 3502 270 3567; x_wconf 78' lang='lat'><strong>12.</strong></span> <span class='ocrx_word' id='word_1_220' title='bbox 303 3501 451 3570; x_wconf 81' lang='lat' dir='ltr'><strong>Achaiae</strong></span> <span class='ocrx_word' id='word_1_221' title='bbox 471 3525 548 3596; x_wconf 81' lang='lat' dir='ltr'><strong>pars</strong></span> <span class='ocrx_word' id='word_1_222' title='bbox 574 3521 693 3587; x_wconf 73' lang='lat' dir='ltr'><strong>magua</strong></span> <span class='ocrx_word' id='word_1_223' title='bbox 713 3497 846 3567; x_wconf 83' lang='lat' dir='ltr'><strong>Metelli</strong></span> <span class='ocrx_word' id='word_1_224' title='bbox 871 3499 1029 3567; x_wconf 82' lang='lat' dir='ltr'><strong>Macedo-</strong></span> 
     </span>
    </p>
   </div>
   <div class='ocr_carea' id='block_1_7' title="bbox 0 0 1237 4278">
    <p class='ocr_par' dir='ltr' id='par_1_8' title="bbox 0 0 1237 4278">
     <span class='ocr_line' id='line_1_32' title="bbox 0 0 1237 4278; baseline 0 0"><span class='ocrx_word' id='word_1_225' title='bbox 0 0 1237 4278; x_wconf 95' lang='lat' dir='ltr'><strong> </strong></span> 
     </span>
    </p>
   </div>
  </div>
 </body>
</html>
