2420 4280
149 393 280 466 'lusu
304 397 416 466 Rom.
440 399 528 466 LIB.
552 401 597 468 11.
621 397 905 468 c.tP.103.104.
971 403 1011 468 91

29 529 194 612 obitum,
242 545 309 597 ctrc
331 545 389 599 tuo
412 534 452 598 P.
481 534 615 600 Vinicio
645 536 794 618 consule,
825 533 1012 620 Ti.'Nere‚

27 641 204 682 reversus
259 613 360 700 bodo,
382 618 567 683 incredibili
594 619 718 684 laetitia
743 621 881 708 patriam
910 621 1013 709 reple·

29 711 154 772 verat.
199 701 277 767 Non
305 713 356 767 cst
384 702 442 767 diu
468 713 638 768 cunctatus
668 702 791 770 Gccsar
817 705 1037 791 Augustum¹
1116 779 1119 784 Ι

31 807 161 874 neque
192 786 281 850 enim
309 787 517 874 quaerendus
531 795 628 870 erat,
657 811 754 876 quem
788 790 925 876 legeret,
946 787 1014 852 -scd
1107 823 1111 830 ·

34 870 232 956 legendus,
279 871 315 934 ui
336 869 510 936 eminebat.
555 871 684 959 ltaque,
707 872 796 961 quod
817 885 895 961 post
915 871 1013 938 Lucii

34 965 205 1040 mortem,
227 954 268 1018 ad
291 977 333 1018 uc
363 953 448 1020 Gaio
475 955 564 1038 vivo,
590 956 701 1020 lacere
726 956 885 1040 voluerat,
915 969 1014 1044 atquc

36 1061 101 1120 eo,
124 1039 339 1102 vehementer
358 1037 562 1127 repugnante
583 1039 729 1122 Nerone,
752 1041 820 1104 crat
842 1039 1013 1128 inhibitus,

35 1130 129 1210 post
151 1121 325 1210 utriusque
345 1123 603 1204 adulescentium
623 1123 750 1188 obitum
771 1121 880 1208 locere·
906 1146 1014 1224 persc-

36 1205 191 1288 veravit,
222 1215 320 1270 utet
345 1206 536 1273 tribunitiae
562 1207 753 1298 potcstatis
772 1218 1015 1286 consortionem

38 1288 181 1355 Neroni
203 1289 427 1375 constitueret,
447 1292 585 1357 multum
606 1292 739 1381 quidem
759 1315 800 1356 eo
823 1315 897 1372 cum
910 1289 1013 1366 domi,
1113 1347 1118 1364 ,

40 1384 121 1439 tum
144 1371 181 1436 in
203 1384 318 1447 senatu
336 1385 521 1458 recusante,
544 1387 577 1442 et
598 1400 685 1460 eum,
706 1375 806 1441 Aelio
829 1375 924 1458 Cato,
942 1370 1013 1465 [C.]

43 1456 170 1523 Sentio
194 1458 398 1543 consulibus,
419 1460 464 1525 V.
477 1461 559 1532 Cal.
582 1459 684 1524 Iulias
706 1470 784 1549 post
804 1459 923 1524 urbem
940 1481 1014 1523 eon·

43 1541 155 1606 ditum
186 1541 282 1606 annis
318 1542 535 1632 septingentis
573 1543 811 1642 quinquaginta
848 1553 1012 1630 quattuor,

44 1625 172 1690 abhinc
194 1648 298 1690 annos
320 1638 445 1715 septem
474 1638 509 1691 ct
531 1626 661 1714 viginti,
683 1629 864 1726 adoptaret.
908 1624 1014 1689 Lecti·

43 1709 132 1776 tiam
160 1709 252 1775 illius
282 1709 362 1794 diei,
391 1731 653 1798 concursumque
685 1707 848 1792 eiunctio,
876 1720 911 1774 et
937 1719 1013 1774 vote

46 1815 160 1883 paene
182 1793 398 1860 inserentium
427 1795 520 1859 coelo
547 1817 677 1877 manus,
708 1817 868 1884 spemque
899 1807 1013 1858 conce·

46 1888 142 1979 ptam
161 1889 343 1979 perpetuae
365 1877 548 1944 securitatis
578 1878 778 1959 aeternitatis
805 1901 845 1942 ue
872 1859 1014 1941 Ronnlti

48 1983 197 2048 impero,
220 1962 276 2029 vix
305 1962 339 2040 in
368 1963 427 2027 illo
457 1961 547 2028 iusto
574 1986 672 2054 opere
697 1901 829 2028 abunlile
857 1956 1014 2050 persequi

49 2043 247 2146 poterimus,
269 2047 389 2110 nedum
410 2047 464 2110 bic
484 2047 527 2112 im
553 2047 620 2112 lere
641 2059 817 2129 tentemus,
837 2039 1012 2136 [contenti]

50 2129 89 2192 rd
110 2149 211 2191 unum
233 2128 370 2210 dixisse,
394 2153 489 2216 quem
519 2071 583 2218 [in]
598 2132 665 2216 :db
690 2129 828 2218 [omnia]
861 2095 1191 2205 omnilmstleluffiol

31 2209 191 2293 fimat.
235 2211 324 2275 Tum
344 2212 475 2275 refulsit
497 2222 585 2276 certa
603 2233 678 2300 spes
700 2213 878 2278 liberorum
899 2195 1193 2300 parsu-Lenes}

51 2295 164 2377 tibus,
197 2295 277 2382 uiris
305 2294 603 2382 matrimoniorum,
641 2295 782 2360 dominis
796 2351 801 2384 ·.
810 2278 1193 2390 patrimonttdle-javvd

16 2417 23 2424 -
53 2377 206 2445 omnibus
237 2378 427 2444 bominibus
463 2378 592 2462 solutis,
627 2379 762 2466 quietis,
792 2378 898 2467 paciS,
928 2390 1012 2443 trun·

53 2462 247 2563 quillitutis3
268 2463 364 2564 adop,
386 2474 423 2564 ut
440 2485 504 2564 pce
525 2462 602 2553 plus
624 2463 750 2554 sperari
771 2461 930 2552 potuerit,
952 2460 1034 2563 n'eu.
1069 2477 1072 2484 '

53 2547 610 2724 Ψἅῖῗῗῖῗὲἑρῗῗέξὲἳοᾱεω
632 2631 685 2705 a.
705 2625 805 2709 om
820 2629 874 2697 m·
889 2627 1012 2718 spu-
1062 2613 1065 2618 ⁴

80 2739 110 2798 a,
133 2737 229 2815 quem
249 2727 483 2802 postmortem
504 2717 610 2805 Agrip
636 2740 673 2781 ae
701 2716 786 2780 Iulia
814 2716 909 2780 enixa
930 2723 1010 2780 erat.¹
1154 2727 1157 2730 “

55 2739 123 2866 bed
143 2823 176 2862 m
190 2798 334 2886 Neronis
354 2800 530 2888 adoptione
550 2741 634 2866 illul
655 2801 831 2880 adiectum,
854 2800 906 2866 his
928 2799 1011 2888 ipsis
1036 2815 1041 2819 “

57 2879 202 2950 Caesaris
224 2883 351 2947 verbius
382 2885 469 2966 Hoc,
499 2885 622 2973 inquit,
651 2884 701 2949 rei
731 2885 885 2972 publicae
912 2883 1012 2950 cuus'a

58 2966 150 3032 facio.
164 2974 169 3045 g
208 2964 285 3030 Non
313 2964 370 3028 diu
407 2967 571 3032 vindicem
605 2969 842 3054 custodemque
881 2966 1012 3058 imperii
1107 2990 1109 2997 ¹

59 3049 110 3116 sui
129 3060 248 3114 morato
267 3049 307 3134 in,
322 3047 402 3130 urbe
425 3047 545 3135 patria,
571 3052 721 3138 protinus
738 3054 781 3115 'in
806 3051 1012 3114 Germaniam

58 3132 160 3217 misit,
189 3132 246 3198 ubi
277 3144 351 3199 onte
386 3132 563 3208 triennium
597 3134 660 3198 sub
688 3132 737 3197 M.
768 3134 921 3217 Vinicio,
951 3155 1011 3198 avo

61 3231 124 3298 tuo,
144 3215 323 3303 clarissimo
345 3217 434 3300 ¹viro,
465 3216 659 3282 immensum
689 3227 853 3285 exarserat
874 3217 1009 3300 bellum.

60 3303 133 3366 Erat
151 3302 185 3365 id
206 3301 247 3366 ab
265 3325 303 3366 co
326 3301 524 3390 quibusdam
545 3301 579 3379 in
601 3300 683 3368 loeis
706 3312 847 3389 gestum,
872 3335 875 3342 ·
903 3300 1010 3366 uibus·

62 3383 128 3450 dam
148 3396 362 3470 sustentatum
392 3379 553 3458 feliciter:
585 3409 690 3486 eoque
716 3384 852 3450 nominc
877 3324 1010 3450 decreto

62 3468 91 3532 oi
121 3492 189 3554 eum
225 3468 470 3556 speciosissima
500 3469 716 3558 inscriptione
756 3493 891 3556 operum
920 3491 1010 3534 orna·

63 3563 159 3618 noenta
180 3551 401 3646 triumphalia.
442 3554 516 3618 lloe
537 3565 666 3643 tempus
688 3559 765 3636 mc,
785 3549 934 3620 iunctum
956 3574 1009 3619 an-
1057 3611 1059 3616 Α
