2420 4280
101 361 110 383 ⁴
200 354 440 424 antrannis
462 353 852 450 uuaunentaaaa.
970 361 1030 431 117

72 518 105 532 -·
123 489 190 565 Cap.
208 491 252 549 26.
271 488 327 546 *C.
344 493 453 558 Marius,
472 489 503 546 C.
522 491 619 559 Marii]
647 495 675 547 G.
700 497 820 552 Mariua.
844 521 878 534 ···
901 495 1031 550 *inferior

70 565 179 614 nomine
196 561 299 616 consul.
334 563 357 612 ls
375 560 447 632 apud
464 559 662 631 Sacriportum]
690 563 800 631 inferior
816 568 916 616 nomine
934 585 1030 618 maeu-

70 629 116 697 lie,
135 634 207 697 apud
224 631 409 698 Sacriportum.
432 659 467 672 -·
490 630 553 680 meli
578 629 697 704 publici]
717 633 793 685 tnalis
810 634 932 701 piabile-ie.
950 636 1031 688 ·-ss'se

68 699 146 769 ipsa]
166 719 194 750 ee
209 701 302 766 ipsein.
325 724 353 736 -
372 689 431 769 Qud
448 699 594 769 quantum]
613 701 752 762 Quantum.
775 729 811 738 -
829 702 922 754 Aliena
940 703 1029 769 nunc]

68 788 147 822 nune.
164 789 199 806 ····
216 766 342 868 patelaria]
359 770 455 833 patria.
473 789 509 808 ····
543 764 674 901 (ἔας.Χῖ
693 767 766 840 domi
789 770 921 844 bellique]
950 775 1031 824 animi

69 836 193 901 bellique.
210 861 245 874 -
284 834 454 905 quadraginta
472 834 578 887 milibus
694 861 731 876 -
748 838 850 904 solent]
869 838 1028 895 solerent.—

68 903 220 968 abscisam]
238 905 391 960 abaciacum.
410 899 444 940 '-
461 903 477 936 *
486 920 547 954 cum
565 909 666 956 minore
684 903 826 972 Telesino]
855 929 912 959 euin
935 911 1031 960 minore

64 972 155 1040 fratre
174 973 303 1027 Telesino.
322 998 357 1010 -
374 971 478 1024 sublato
497 974 553 1024 eius
570 973 695 1038 tramine]
720 977 767 1026 aab
790 978 845 1026 eius
869 979 978 1030 nornine.
995 1001 1030 1016 ·-

70 1041 139 1112 Cap.
156 1041 201 1094 28.
216 1041 283 1092 olim
299 1043 342 1092 usi
359 1040 449 1106 erant]
468 1043 512 1090 usi
529 1054 608 1094 nant.
635 1068 668 1078 —
701 1043 843 1104 immodica
869 1044 1030 1096 crudelitatis

68 1109 194 1173 licentia]
213 1111 240 1160 in
257 1112 419 1160 immodicam
436 1109 599 1162 crudelitatis
618 1109 754 1168 licentiam.
773 1137 807 1150 —
828 1115 894 1166 civis
917 1115 1030 1164 Romani

68 1177 195 1250 ptablice]
220 1180 283 1228 eivie
300 1181 377 1245 Reip.
395 1202 430 1219 ···
447 1178 588 1244 *tantum]
612 1191 705 1234 tannen.
728 1201 762 1218 ··-
803 1177 870 1252 Cap.
892 1181 937 1235 29.
961 1180 1029 1233 *sed

46 1259 101 1299 ‘ea
120 1246 244 1314 dignitate
263 1258 288 1298 et
306 1248 460 1314 constantia,
479 1246 637 1317 qnae]1aed
652 1268 686 1298 ex
705 1250 840 1317 dignitate,
867 1253 1028 1302 constantin-
1045 1297 1047 1310 ,

69 1335 131 1382 que.
148 1345 183 1356 ···
200 1314 301 1379 *eu1n]
321 1317 387 1368 eiua.
409 1343 444 1358 ···
467 1312 533 1386 Cap.
557 1315 602 1371 ³0.
626 1316 787 1381 *evectum]
812 1330 919 1371 uectum.
943 1347 979 1360 -
998 1321 1028 1366 in

68 1383 127 1436 dies
146 1395 278 1436 crescente
301 1381 486 1447 multitudine]
516 1395 641 1434 crescente
663 1387 690 1434 in
713 1386 768 1436 diet
794 1385 967 1441 multitudine.
992 1409 1029 1458 7-

67 1451 229 1517 *cladibue]
249 1453 361 1505 casibus.
379 1474 413 1490 ·-
431 1469 483 1521 qua
500 1445 611 1515 ultima]
637 1471 689 1517 quo
705 1451 805 1507 ultimo.
830 1475 865 1490 ·-
887 1453 1028 1521 nonaginta

69 1522 144 1572 anilie
162 1519 318 1585 hominnm]
338 1518 400 1571 XL.
419 1539 436 1569 a
456 1521 530 1574 CCC.
548 1520 686 1582 dominum.
705 1543 740 1556 ·-
757 1539 821 1572 mox
838 1522 951 1571 Romani
973 1540 1027 1572 no-

70 1592 150 1640 minis
168 1591 253 1660 princi
275 1588 335 1652 eni]
360 1605 423 1640 mox
439 1589 516 1654 Reip.
536 1590 648 1638 omnium
662 1589 812 1656 principem.
834 1613 875 1628 ι-
893 1586 958 1660 Cap.
982 1589 1028 1644 31.

70 1661 156 1710 maior
173 1607 278 1710 mortali
295 1655 457 1721 habebatur]
476 1658 574 1707 rnaiore
590 1658 617 1706 vi
632 1656 782 1712 labebatur.
800 1685 836 1700 ···
846 1655 1026 1728 septennium]

13 1741 26 1754 ‘
70 1729 209 1780 biennium.
226 1755 262 1768 ·-
280 1725 330 1775 *in
347 1725 388 1778 M.
405 1723 523 1776 Antonio
539 1724 677 1796 praetore]
703 1727 730 1776 in
746 1727 791 1780 M.
817 1727 928 1776 Antonii
947 1722 1028 1792 prae-¹

69 1809 140 1850 tura.
159 1821 191 1832 -
206 1791 277 1865 Cep.
295 1793 340 1848 32.
358 1793 540 1858 transtulerat]
560 1793 754 1864 transtulerant.
777 1817 812 1834 ···
833 1796 863 1846 in
886 1806 975 1847 utrum

70 1862 204 1928 ordinem]
225 1865 290 1914 inter
306 1873 441 1927 utrumque
458 1865 581 1915 ordinem.
599 1885 634 1898 ·-
651 1861 858 1932 inexsuperabili
875 1862 964 1927 maio]
983 1881 1027 1914 an-

70 1931 235 1998 exuperobili
250 1950 335 1986 manu.
354 1955 390 1970 -
408 1927 474 2000 (lap.
492 1929 534 1983 33.
554 1930 800 1996 *Mithridaticum
819 1933 970 1999 piraticum.
993 1951 1029 1974 ····

72 2012 98 2052 et
115 2001 147 2053 L.
166 1998 310 2063 Lucullus]
325 2017 381 2056 aim
398 2010 423 2050 et
439 2001 471 2051 L.
490 1999 628 2054 Lucullue.
644 2022 680 2038 ·-
697 2019 731 2052 ex
748 1999 897 2065 cornulatn]
917 2019 950 2050 ex
967 2000 1028 2060 Coe.

71 2095 107 2108 ···
124 2087 166 2118 ma
184 2085 282 2137 tiaeque
300 2079 326 2120 et
344 2067 543 2132 nuenton-ahila]
568 2087 726 2136 irrogatasque
742 2088 774 2118 ae
790 2068 976 2128 memorabiles.
993 2095 1028 2110 ·-

71 2088 270 2200 Mithridatem]
289 2136 473 2189 Mithridaten.
491 2161 526 2174 ···
543 2135 703 2208 Tigranem]
726 2139 919 2202 Tigranen.'—·
939 2135 1028 2206 pelle·

72 2203 168 2270 hatur]
192 2204 377 2272 expellebatur.
395 2227 427 2240 ···
446 2205 492 2272 qui
515 2202 685 2270 arguebatur]
711 2207 780 2270 quod
802 2224 839 2274 ar¹
870 2207 969 2257 ebatur.
993 2225 1028 2242 ···

72 2275 254 2343 *quemquam
272 2291 355 2342 aequo
371 2271 474 2334 aniano]
490 2288 643 2334 aminneam
660 2275 754 2322 aniano.
772 2295 808 2312 -
825 2223 890 2342 gp.
909 2268 954 2326 35.
968 2268 1028 2322 cla-

72 2344 174 2394 rissime
191 2339 367 2402 illuminavit]
386 2343 413 2390 in
429 2337 558 2388 altissimo
576 2335 721 2392 lumirurvit.
743 2366 779 2378 ···
801 2357 856 2388 non
873 2338 970 2390 virtute
986 2340 1027 2390 ti·
1110 2393 1117 2406 ,

72 2400 207 2476 mittimus,
226 2409 272 2461 sed
289 2425 337 2478 per
355 2404 462 2470 omnia]
480 2405 555 2456 homo
574 2404 678 2459 Virtuti
694 2404 853 2473 simillimus,
866 2417 890 2455 et
905 2426 952 2472 per
969 2425 1027 2458 om·

13 2523 19 2528 .
71 2481 125 2532 nin.
143 2503 178 2516 -·
194 2476 313 2548 poterat]
331 2486 459 2542 potuerat.
480 2497 510 2512 -ψ
529 2473 565 2524 ita
580 2471 694 2539 ,ardomJ
713 2485 743 2524 ut
759 2477 859 2530 ardore.
877 2503 913 2516 -
929 2473 1025 2540 ileon]

63 2547 173 2616 feeerit.
195 2571 229 2583 -
247 2543 419 2607 Ciceronem]
436 2545 665 2597 cnonnoenon
687 2545 791 2610 segnius
808 2561 856 2595 suo
869 2556 933 2595 voto
948 2542 1026 2609 obiit]
1098 2569 1102 2576 ·

72 2635 122 2666 non
139 2617 244 2682 segnius
262 2625 352 2664 conato
369 2613 483 2666 ottit.-·
496 2609 614 2682 Ceste.
629 2611 771 2678 nonaginta
788 2610 866 2677 duos]
876 2609 1025 2668 LXXXII.
1040 2635 1048 2654 ν

73 2708 105 2724 ·-
123 2679 257 2747 Ceelium]
281 2679 403 2734 Coelium.
429 2706 459 2716 -
484 2677 513 2730 in
535 2683 651 2751 suscepti
678 2677 765 2749 opciis
782 2682 823 2730 sui
846 2679 974 2744 termino]
999 2682 1026 2732 in

72 2753 186 2818 suspecti
202 2753 285 2815 aperie
303 2752 345 2800 aui
363 2751 483 2803 earrm'ne.
502 2774 535 2787 -
554 2752 637 2800 nostri
653 2766 737 2818 paenae
755 2750 839 2813 aevi]
854 2751 936 2800 nostri
959 2751 1025 2806 aevi.
1163 2779 1169 2786 ·

72 2843 106 2857 ··
124 2816 190 2889 Cep.
208 2820 251 2872 37.
269 2817 468 2882 Mithridatem]
485 2817 669 2869 Mithridaten.
685 2841 719 2854 ···
736 2819 837 2868 socium
858 2818 952 2888 petiit]
979 2837 1026 2870 so-
1062 2865 1066 2879 ,

73 2907 157 2939 cerum
172 2880 245 2953 petit.
266 2909 296 2926 ·-
313 2884 328 2917 *
337 2885 441 2936 redacta
459 2885 498 2934 ad=
511 2887 694 2955 quaestorem]
718 2887 821 2938 reama
839 2887 865 2936 in
882 2890 1031 2952 qieaestoria

70 2967 231 3023 potestatem.
250 2979 284 2991 -
302 2950 368 3022 Cap.
386 2952 430 3006 38.
448 2953 639 3023 *stipendiaria
657 2953 724 3004 iacta
749 2956 801 3018 eit]
824 2956 953 3022 stipendia
973 2974 1026 3021 pa-

73 3037 115 3078 cta
132 3027 176 3079 eit.
194 3047 227 3060 ···
245 3021 297 3072 *td
314 3020 483 3086 notabimus]
500 3023 655 3076 notabimus.
672 3047 705 3060 ·-
722 3033 753 3074 ut
769 3021 889 3087 facilius]
906 3020 1025 3092 facilius

73 3106 110 3148 ut.
134 3117 169 3132 ···
195 3088 330 3156 Claudius,
358 3088 405 3142 sed
427 3092 613 3160 provinciam]
648 3089 789 3158 Claudiae,
814 3102 838 3142 et
858 3093 1024 3158 provinciam.
1087 3128 1089 3136 t

72 3185 107 3204 α
131 3162 181 3212 *in
204 3158 341 3222 Africam]
362 3157 496 3228 Africum.
520 3183 555 3196 ···
578 3170 684 3210 centum
712 3170 738 3210 et
760 3162 880 3231 septem]
913 3160 1025 3216 CCIIH.

76 3255 106 3270 ··
128 3243 233 3282 centum
257 3230 419 3298 septuaginta
443 3225 556 3300 septem]
571 3225 740 3280 CLXXXII.
763 3251 799 3266 -
821 3227 1024 3296 documentum]

73 3310 257 3370 argumentum.
275 3319 310 3334 ·-
326 3297 421 3360 tertio]
439 3299 496 3349 ΙΙΙ.
512 3319 547 3337 ·-
563 3299 592 3347 in
615 3293 705 3367 Cypro
730 3295 851 3362 devicta]
879 3299 955 3420 Qui
976 3301 1026 3350 de-

74 3373 162 3420 vietae.
177 3364 337 3419 -*multata
354 3376 401 3417 eet.
421 3364 516 3435 Syrie]
533 3365 652 3420 multato.
686 3366 721 3424 Et
743 3364 828 3434 Syria.
845 3393 881 3408 -
921 3385 963 3437 ep·
979 3365 1025 3425 39.

73 3456 87 3489 a
103 3437 221 3490 Domitio
237 3446 266 3488 et
281 3433 382 3498 Fabio]
401 3436 526 3498 Domitio,
542 3436 633 3488 Fabio.
651 3459 685 3472 ·-
702 3435 867 3554 omisimus]
881 3437 1025 3492 amisimus.

74 3534 107 3546 —-
123 3508 152 3558 in
169 3504 227 3570 his]
252 3506 279 3558 in
296 3503 341 3558 iia.
359 3532 393 3544 -·
411 3503 461 3556 *in
479 3505 625 3570 aerarium]
649 3506 781 3574 ignoverit.
797 3527 833 3544 ··
868 3503 1023 3576 tipendieria
