2448 4288
189 405 236 472 au
444 401 633 468 vueauu
653 345 923 468 erraneum

69 525 72 529 ’
191 537 253 604 bns
283 535 492 604 Numantiam
520 535 728 624 excisamque
757 535 922 624 aequavit,
937 533 1022 598 nolo.
1075 531 1151 598 Nc«

83 671 86 680 ‚
183 623 365 712 quisquam
376 619 476 684 ullius
488 622 601 707 'gentis
625 621 893 688 laominumaute
916 641 991 682 euna
1008 617 1158 682 clariore

191 703 473 773 urbiumexeidio
492 728 611 769 nomeu
632 729 728 770 suum
742 727 786 792 pe
824 715 921 770 etune
941 703 1158 768 commenda·

191 791 239 858 vit
260 786 447 854 memoriae.
492 788 640 878 Quippe,
664 788 775 854 excisa
824 786 993 874 artlaaginc
1016 811 1056 850 ac
1079 785 1156 852 Nu·

190 873 324 954 mantia,
357 871 397 936 ab
419 871 553 938 alterins
580 896 642 938 nos
668 883 771 957 metu,
800 872 933 938 alterius
965 869 1158 936 vindicavit

190 955 409 1024 contumeliis.
452 956 532 1040 Hic,
564 980 640 1022 eum
664 955 787 1023 interro
811 967 885 1021 ante
908 954 1040 1020 tribuno
1071 955 1156 1020 Car·

189 1042 289 1125 boue,
313 1041 393 1144 quid
417 1041 461 1106 de
479 1041 537 1106 Ti.
562 1040 703 1109 Gracchi
718 1063 774 1106 cae
798 1063 816 1106 e
842 1039 990 1123 sentiret,
1004 1063 1155 1128 respon·

191 1127 252 1210 dit,
274 1126 303 1192 si
330 1151 359 1191 rs
378 1126 586 1214 occupandae
605 1125 654 1191 rei
676 1125 827 1214 publicae
850 1125 992 1188 animum
1012 1123 1154 1190 habuis·

191 1222 253 1295 set,
267 1211 336 1275 iure
352 1234 494 1276 caesum.
537 1209 594 1292 Et,
610 1235 682 1275 cum
703 1208 810 1274 omnis
833 1209 948 1275 concio
967 1206 1153 1273 adclamas-

191 1307 258 1360 setr
290 1293 459 1374 Hostium,
479 1293 600 1381 iuquit,
630 1304 827 1360 armatorum¹
853 1292 978 1358 totiens
1003 1292 1154 1358 elamore
1221 1303 1222 1316 ¹

181 1401 257 1454 ,uon
281 1379 427 1460 territus,
449 1376 508 1464 qui
540 1401 674 1466 possum
703 1389 813 1444 vestro
839 1376 975 1460 moveri,
1003 1375 1153 1466 quornm

190 1484 330 1528 noverea
352 1472 402 1526 est
422 1455 539 1527 ltalia?
566 1461 747 1529 -Reversus
763 1461 798 1528 iu
812 1462 926 1526 urbem
946 1461 1031 1527 intra
1043 1461 1153 1526 breve

190 1557 340 1648 tempus,
365 1545 430 1611 Μ’.
454 1545 626 1634 aquillio,
656 1546 696 1611 C.
718 1545 915 1634 Sempronio
936 1544 1151 1629 consulibus,

190 1631 308 1697 abhinc
330 1653 433 1696 annos
455 1642 585 1697 centum
608 1631 794 1719 sexaginta,
818 1641 896 1719 post
923 1630 1004 1710 duos
1028 1653 1153 1694 eonsu-
1221 1625 1222 1656 ¹

189 1715 289 1799 lalus,
319 1715 468 1804 duosque
495 1715 592 1780 trium

189 1799 423 1887 reipublicae,
443 1821 538 1864 mane
551 1740 724 1866 iniectulo
745 1807 895 1887 repertus
917 1808 968 1863 est
980 1810 1151 1881 mortuae,

173 1883 237 1948 ita
258 1893 294 1947 ut
310 1877 471 1971 quaedam
487 1882 640 1948 elisarum
660 1882 804 1949 faucium
819 1882 853 1946 iu
879 1882 1004 1947 cervice
1023 1883 1152 1969 reperi·

618 1714 691 1797 hos,
717 1713 818 1780 ethis
845 1713 975 1782 excisos
1001 1724 1151 1778 terrores

65 1976 70 1982 ’
189 1977 305 2032 rentur
331 1977 441 2031 notae.
494 1967 548 2032 De
577 1967 659 2033 tanti
691 1966 753 2034 viri
777 1976 881 2031 morte
913 1965 1004 2031 nulla
1034 1966 1152 2032 habita

84 2092 92 2101 ι
191 2060 243 2138 est
263 2048 432 2150 quaestior
462 2049 599 2138 eiusque
621 2071 740 2140 corpus
760 2051 866 2117 velato
887 2049 994 2140 eapite
1023 2051 1151 2117 elatum

77 2191 84 2198 .
191 2145 253 2219 eat,
274 2156 368 2199 curus
392 2154 491 2222 opera
507 2156 608 2224 super
632 2147 737 2201 totum
763 2145 920 2200 terrarum
947 2134 1059 2199 orbem
1077 2135 1150 2200 Ro·

190 2243 242 2286 ma
268 2219 429 2286 extulerat
456 2229 566 2319 eaput.
618 2218 686 2284 Seu
708 2218 852 2300 saulem,
878 2230 915 2284 ut
934 2218 1060 2306 plures,
1084 2241 1150 2284 seu

191 2302 362 2372 conflatam
384 2301 529 2387 insidias,
557 2314 595 2369 ut
618 2303 722 2391 aliqui
748 2302 923 2392 prodidere
942 2304 1150 2388 memoriae,

190 2398 332 2454 mortem·
353 2383 448 2470 obiit,
467 2387 568 2454 vitam
589 2398 676 2453 certe
692 2386 919 2475 dignissimam
948 2387 1030 2474 egit,
1058 2411 1150 2476 quae

189 2470 314 2538 nulline
335 2470 378 2535 ad
398 2470 433 2535 id
449 2470 618 2560 temporis,
640 2482 867 2560 praeterquam
888 2469 989 2555 avito,
1012 2471 1150 2572 fulgore

189 2554 386 2623 vinceretur.
438 2553 596 2620 Decessit
622 2577 708 2620 auno
735 2557 836 2620 lerme
864 2553 1012 2642 quinqua
1038 2577 1148 2620 esrmo

189 2647 295 2706 sexto.
338 2637 392 2704 De
414 2660 480 2725 quo
502 2638 532 2703 si
555 2637 629 2726 quis
651 2638 807 2726 ambiget,
830 2641 974 2704 recurrat
993 2579 1038 2702 ad
1055 2638 1149 2727 prio·

188 2748 259 2789 rem
279 2721 485 2789 consulatum
509 2721 593 2807 cius,
620 2722 656 2788 in
714 2746 788 2788 uem
819 2733 948 2794 creatrrs
978 2732 1029 2788 est
1055 2745 1147 2789 auno

189 2803 571 2895 duodequadragesimor
598 2805 685 2872 itad
731 2807 813 2873 itare
836 2805 978 2872 desinet·

273 2891 318 2954 V.
344 2889 435 2955 Ante
453 2899 585 2990 tempus
610 2891 741 2956 excisae
760 2889 956 2956 Numantiae
977 2887 1146 2978 praeclara

190 2974 225 3041 in
249 2973 410 3062 Hispania
437 2972 554 3040 militia
577 2973 623 3041 D.
644 2975 741 3042 Bruti
763 2974 845 3040 fuitr
870 2972 941 3076 qui,
988 2973 1159 3040 eneti-atis*

190 3058 343 3125 omuibus
357 3055 540 3146 Hispaniae
561 3059 729 3147 gentihus,
755 3060 883 3158 ingenti
904 3083 938 3124 ιι
959 2997 1144 3143 Hominum,

190 3142 527 3292 urbiumqulpotitus
545 3167 696 3229 numero,
721 3142 833 3226 adius,
855 3165 939 3231 qaae
961 3141 1017 3207 vix
1032 3139 1144 3207 audita

182 3239 299 3327 erant,
391 3225 484 3375 ⁸eq}
507 3249 687 3315 cognomen
713 3225 844 3378 mfipuit.
897 3226 1053 3374 lltMantql
1068 3247 1144 3326 equ!

189 3309 1143 3544 [12¹¹ttftslntj'ttttttttl?{altili}

218 3479 565 3578 ontrebiamnomrne,
587 3504 621 3546 ιιι
642 3479 805 3568 Hispania
834 3501 921 3567 oppu
969 3487 1051 3578 apat,
1070 3477 1143 3578 pul·

189 3587 242 3629 aas
273 3562 445 3652 praecipita
475 3561 550 3630 loco
578 3564 727 3671 quinque
752 3564 920 3658 colrortes¹
944 3583 1141 3671 effrenae-ras,
