2420 4280
211 408 253 474 n
347 461 350 468 Δ
411 359 636 493 ‘vanarn
649 405 930 501 sarnacum

212 537 421 624 Arruntium,
444 559 484 600 ac
503 535 796 605 Titiumaerestituit
820 540 1056 630 reipublicae.
1111 539 1183 611 Sta·

190 623 292 694 ,tium
314 634 421 688 autem
448 619 613 700 Murcum,
640 623 701 710 qui
727 624 871 690 adventu
899 650 959 692 suo
987 621 1182 718 classisque

68 740 72 748 ·
211 706 439 772 celeberrimae
461 704 546 770 vires
575 706 646 771 eins
677 707 912 794 duplicaverat,
944 711 1180 778 insimulatum

211 789 303 854 t'alsis
325 789 619 872 criminationibus,
650 791 728 876 quia
750 793 848 858 talem
874 795 979 860 virum
1009 797 1178 884 collegam

211 871 314 936 officii
332 872 430 939 Mena
452 886 484 938 et
505 874 709 943 Menecrates
738 875 958 963 fastidierant,
987 879 1177 971 Pompeius

211 959 244 1021 in
259 956 382 1030 'Sicilia
402 959 620 1023 interfecerat.
920 991 925 995 ·

293 1041 491 1130 LXXVIII.
514 1044 588 1108 Hoc
623 1051 727 1108 tractu
763 1053 948 1133 temporum
983 1045 1175 1132 Octaviam,

211 1149 355 1193 sororem
391 1127 563 1210 Caesaris,
595 1127 645 1192 Μ.
674 1129 842 1194 Antonius
884 1130 979 1196 duxit
1019 1156 1172 1198 uxorem.

211 1209 412 1304 [lledicrat]
444 1211 635 1300 Pompeiusx
656 1211 690 1274 in
722 1209 890 1296 Siciliam,
923 1217 1102 1281 Antonius
1141 1217 1171 1280 in

210 1295 439 1362 transmarinas
470 1296 670 1384 provincias,
699 1319 781 1381 quas
810 1297 939 1384 magnis
969 1294 1169 1366 molimentis

210 1379 389 1462 Labienus,
417 1403 459 1442 ex
486 1379 654 1443 Brutianis
685 1379 800 1444 castris
828 1383 996 1481 profectus
1026 1384 1072 1448 ad
1096 1385 1170 1448 Par·

103 1475 107 1482 '
208 1467 296 1547 tbos,
325 1464 485 1551 perducto
513 1486 629 1527 eorum
656 1464 802 1528 exercitu
828 1489 864 1529 ιιι
892 1465 1041 1552 Syriam,
1075 1469 1169 1532 inter

210 1551 362 1637 lectoque
383 1547 415 1614 lc
440 1559 493 1613 ato
521 1547 674 1632 Antonii,
704 1561 932 1633 concusserat,
961 1551 1021 1638 qui
1049 1553 1170 1618 virtute

209 1646 242 1699 et
275 1633 376 1700 ductu
404 1573 573 1716 lentini,
612 1653 676 1696 una
710 1655 786 1696 cum
814 1633 1011 1698 Parthorum
1048 1635 1167 1726 copiis,

209 1711 486 1805 celeberrimoque
514 1718 670 1782 iuvenum
698 1716 839 1800 Pacoro,
877 1718 964 1804 regis
1000 1719 1089 1803 filio,
1118 1743 1167 1784 ex·

208 1804 346 1870 stinctns
377 1811 438 1866 est.
489 1801 624 1864 interim
651 1799 789 1864 Caesar
806 1825 866 1889 per
894 1804 974 1868 baec
1005 1815 1168 1891 tempora,

208 1910 262 1968 uc,
283 1910 337 1951 res
361 1885 555 1972 disciplinae
584 1883 822 1967 inimicissima,
852 1885 955 1950 otium
983 1911 1169 1974 corrumpe·

206 1983 257 2034 eet
279 1971 427 2052 militem,
450 1966 583 2032 crebris
594 1966 628 2029 in
649 1967 785 2065 lllprico
812 1969 1042 2057 Delmatisque
1070 1995 1167 2058 expe·

208 2052 408 2133 ditionibus,
446 2048 604 2140 quatientia
638 2051 861 2137 periculorum
890 2054 1037 2142 bellique
1070 2079 1111 2120 ex
1137 2080 1166 2120 e·

206 2136 323 2201 aientia
344 2134 481 2200 durabat
502 2131 691 2198 exercitum.
736 2134 860 2202 Eadem
881 2149 1075 2226 tempestate
1096 2080 1167 2206 Llltl·

206 2223 301 2287 vinns
329 2219 509 2301 Domitius,
543 2243 618 2283 cum
647 2237 690 2282 ex
719 2222 891 2286 consulatu
919 2223 1082 2290 obtineret
1108 2225 1167 2290 Hi·

206 2333 220 2371 s
247 2307 365 2389 aniam,
385 2302 570 2392 gravissimi
591 2305 867 2393 comparandique
894 2306 1038 2394 antiquis
1060 2331 1167 2374 exem·

206 2331 253 2479 pli
286 2400 410 2456 auetor-
432 2388 524 2470 fuite
545 2388 671 2475 quippe
700 2388 799 2474 primi
834 2389 896 2479 pili
926 2392 1164 2476 centurionem,

205 2474 337 2539 nomine
355 2474 544 2556 Vibillium,
566 2471 610 2536 ob
633 2484 762 2561 turpem
784 2472 915 2540 erneis
935 2476 1046 2562 lugam
1076 2477 1165 2543 fuste

206 2557 381 2646 percussit.

54 2721 62 2736 ⁰
190 2656 193 2665 '
288 2639 451 2705 LXXIX.
474 2637 650 2704 Crescente
679 2638 714 2703 in
736 2639 807 2704 dies
828 2648 862 2703 et
883 2638 988 2706 classe
1015 2652 1049 2706 et
1078 2643 1162 2708 lama

205 2725 368 2814 Pompeii,
391 2723 513 2789 Caesar
544 2723 664 2787 molem
692 2724 773 2789 belli
800 2723 872 2788 eius
902 2725 1070 2814 suscipere
1101 2739 1162 2793 sta·

206 2812 278 2874 tuit.
331 2806 555 2872 Aedificandis
583 2807 745 2890 navibus,
783 2808 1070 2897 contrabendoquc
1105 2811 1161 2875 mi·

165 2889 168 2897 ’
203 2893 313 2958 litiae
335 2891 466 2977 remigi,
495 2891 731 2990 navalibusque
763 2892 985 2975 adsuescendo
1016 2896 1159 2958 certami-

203 2978 303 3043 nibus
330 2988 427 3065 atque
465 2975 773 3056 exercitationibus,
810 2976 994 3064 praelectus
1027 2989 1076 3042 est
1110 2978 1155 3042 Μ.

202 3062 367 3150 Agrippa,
411 3056 481 3148 vir]
508 3058 641 3124 virtutis
662 3060 899 3142 nobilissimae,
927 3060 1051 3145 labore,
1079 3062 1157 3149 vigi·

202 3145 392 3248 lia,·perieu
407 3167 427 3208 o
451 3142 606 3228 invictus,
621 3144 846 3294 premique,
877 3144 939 3210 sed
957 3146 1027 3229 uui,
1056 3146 1158 3212 scien·

203 3241 362 3313 tassrmns,
393 3228 469 3293 aliis
506 3250 584 3292 sane
619 3250 766 3316 impet-an
791 3254 803 3295 t
838 3228 1001 3315 cupidus,
1038 3241 1072 3294 et
1100 3253 1159 3317 per

62 3351 68 3364 ι
201 3315 308 3383 omnia
330 3324 420 3378 extra
441 3311 615 3377 dilationes
644 3313 788 3402 positus,
818 3311 1043 3413 consultisque
1074 3314 1156 3380 facta

201 3399 414 3500 coniungens.
466 3396 552 3480 ttie,
587 3396 622 3462 in
650 3398 784 3498 alverno
828 3420 867 3498 ac
892 3395 1045 3498 ,Luuerrno
1082 3397 1155 3498 lacu

200 3505 442 3586 speciosissima
472 3481 576 3545 classe
589 3481 773 3582 13iabrteata,
802 3481 976 3546 cotidianas
1005 3494 1154 3583 exercite·

200 3566 344 3632 tionibus
367 3565 502 3629 melitem
526 3587 748 3651 remrqemquc
769 3567 810 3631 ad
832 3575 1053 3630 summumst
1074 3567 1152 3632 ιιιιΙι-
