2462 4278
671 79 720 110 W

561 107 738 282 ¹l.

212 482 319 538 temen
340 469 537 557 incultisque
569 477 643 534 curn
672 465 814 533 Heinsio
850 467 1083 537 scribendum.
1132 473 1188 539 De

212 571 408 658 ereberrime
435 582 545 636 autem
560 569 804 648 ¹vocabulorum
822 572 955 638 vrrrraltas
983 585 1018 638 et
1048 576 1188 643 irrraltw

170 713 173 718 ·
211 672 452 764 permutatione
473 673 541 740 vid.
571 673 820 739 Drakenborch.
853 675 997 742 ad-Lir.
1019 677 1096 762 111,
1129 679 1185 764 38,

212 778 244 842 3.
269 787 303 842 et
325 798 409 864 quoa
432 775 479 840 ibi
514 775 639 842 citavit.
668 811 712 825 --
752 767 921 864 capta.
951 783 1093 861 modica
1123 808 1185 850 nee

193 879 377 945 'celeritati
398 879 555 962 aduersa]
583 876 623 942 ln
651 877 860 942 adnotatione
887 879 945 964 abs
968 890 1001 946 te
1023 881 1182 949 subiecta

208 1007 272 1074 pro
293 986 380 1048 Item
401 985 444 1047 R.
468 982 578 1058 addito
601 980 733 1046 Burerii
754 981 888 1046 nomine
903 985 999 1048 'Item
1015 986 1102 1052 BR.
1123 1011 1180 1076 po·

211 1087 367 1172 nendum.
409 1083 581 1150 Fiedlerns
603 1108 774 1174 perperam
794 1089 930 1164 areium
946 1087 1026 1153 bine
1045 1095 1178 1181 maqui

179 1225 182 1228 ·
215 1190 294 1255 tudo
316 1188 447 1251 modica
473 1209 547 1252 oum
570 1189 901 1262 eeleritate'adversa
915 1189 1038 1256 edidit.
1054 1229 1107 1270 ··.-
1121 1196 1178 1258 illa

167 1313 169 1318 ’
213 1292 317 1378 speeie
340 1289 535 1374 terribilior]
555 1289 610 1358 Sio
632 1289 697 1354 iam
717 1284 889 1375 Gelenius,
906 1291 964 1379 qui
980 1303 1096 1358 cetere
1112 1319 1177 1360 nou

213 1387 282 1456 tina·
305 1389 458 1475 correxit,
489 1415 587 1480 quarn
615 1392 773 1481 eorrupit,
789 1391 924 1458 'codicis
953 1405 987 1463 et
1011 1395 1175 1462 editionis

146 1521 148 1527 ⁴
211 1493 590 1585 principisrleetiouemr
622 1495 681 1559 illa
702 1496 807 1582 speeie
835 1507 871 1560 et
898 1499 1098 1583 terribilior,
1131 1525 1173 1566 re

213 1610 264 1666 ete
286 1598 481 1664 emendavit.
524 1597 610 1664 Nam
631 1599 747 1666 vocula
769 1611 801 1674 et
819 1592 1015 1689 hio‘poriter
1036 1627 1075 1667 eo
1097 1605 1172 1671 Liv.

214 1701 367 1785 XXXII,
389 1701 443 1767 20.
467 1701 526 1766 ubi
543 1725 604 1789 pro
631 1705 778 1780 Tandem
804 1705 1006 1775 Aristaenus
1036 1703 1069 1768 in
1098 1708 1171 1772 eod.

213 1797 392 1890 Bamlrerqp
420 1815 453 1868 et
477 1806 611 1869 tandem
637 1806 839 1900 Aristomas
863 1805 994 1892 legitur,
1025 1829 1068 1872 ex
1099 1811 1172 1875 ulti·

213 1931 265 1972 ma
286 1905 440 1972 vocabuli
456 1906 684 1994 praecedentia
706 1918 739 1970 et
758 1906 864 1994 primo
886 1908 1054 1996 sequentis
1072 1909 1171 1976 litera

214 2021 265 2074 est
289 2009 440 2074 conflata.
484 2007 572 2073 Vide
594 2017 738 2072 nostram
761 2008 868 2096 Epist.
882 2040 884 2043 ·
899 2008 940 2072 od
962 2010 1111 2096 Goeller.
1136 2039 1170 2102 p.

213 2110 287 2176 459.
325 2109 500 2176 Fiodlerna
532 2131 659 2174 meeum
691 2109 780 2174 laeit.
836 2111 887 2175 Eo
920 2111 1024 2200 nangis
1060 2129 1171 2182 nutem

214 2215 334 2300 miror,
360 2213 536 2279 lectionem
557 2216 691 2301 speeies,
713 2237 733 2278 a
752 2213 902 2278 Burerio·
918 2226 1040 2282 temere
1069 2221 1170 2286 conli-

216 2329 313 2402 etam,
336 2314 548 2397 Ruhnkenio,
577 2314 737 2396 lirausio,
767 2313 886 2380 Clodio
907 2316 1035 2404 tibique
1056 2320 1169 2407 pluen-

214 2423 293 2504 isse,
329 2442 394 2508 qno
424 2416 528 2504 magis
555 2416 730 2505 perspicua
764 2429 815 2482 est
840 2419 957 2482 horum
993 2421 1168 2490 verborum

212 2521 394 2587 ‘sententiar
427 2521 487 2585 illa
506 2532 602 2608 parte
629 2518 785 2585 inhabilis
812 2522 948 2584 navium
974 2524 1166 2609 maqnitmln

214 2626 319 2712 speeie
355 2620 540 2690 terribilior
575 2635 660 2689 erat.
723 2623 881 2689 Critieurn
916 2623 1166 2692 Beroliuensem

215 2727 278 2791 ianr
305 2737 379 2792 ante
411 2748 463 2790 me
491 2726 578 2789 lruno
605 2724 715 2790 looum
745 2726 791 2792 ita
820 2725 1049 2812 constituisse,
1078 2750 1164 2794 nune

215 2828 324 2915 ipsum
357 2849 398 2892 ex
418 2826 537 2890 Clodii
560 2827 735 2903 Addendis
763 2851 799 2916 p.
829 2829 905 2895 249.
938 2827 1097 2893 intellexi.
1122 2867 1163 2880 ——

216 2931 321 3026 aliqui
353 2925 638 3024 honofuaqiebaut]
669 2928 726 2994 Sie
755 2929 830 2996 Liv.
860 2929 1013 3012 XXXII,
1043 2930 1094 2995 ll.
1125 2934 1164 3000 Si

214 3058 325 3102 seeum
343 3033 471 3124 aliquos
493 3032 758 3099 ramat-mittere
780 3033 872 3116 velit,
895 3044 928 3098 et
950 3031 1045 3098 Caes.
1060 3032 1099 3096 B.
1117 3034 1160 3100 G.

214 3137 262 3220 V,
282 3135 336 3202 26.
364 3137 446 3201 Tum
466 3158 527 3200 rao
547 3159 639 3201 more
660 3123 962 3220 conclamaverunt,
984 3138 1035 3200 uti
1061 3134 1163 3227 aliqui

213 3261 259 3331 'era
277 3240 401 3304 uostris
423 3239 468 3302 ad
489 3238 686 3330 colloquium
705 3233 892 3326 prodirent.
935 3236 1023 3304 Vide
1044 3247 1157 3323 umen,

174 3395 176 3401 .
214 3365 270 3424 ne,
301 3363 402 3429 quum
424 3340 553 3404 oodiees
574 3339 764 3428 saepissime
794 3340 930 3434 aliquod
956 3361 1017 3428 pro
1042 3339 1160 3429 aliquot

216 3444 366 3526 offerant,
399 3451 432 3508 et
460 3442 640 3529 scripturae
668 3441 860 3528 compendia
887 3463 948 3529 pro
978 3441 1102 3537 aliquid
1125 3452 1156 3507 et

1196 3883 1197 3892 t

1172 3961 1177 3973 Ι
1196 3953 1197 3960 .
