2420 4280
107 377 297 446 msron.
319 375 922 468 nomnm.11.cnr.1oo.1or.
953 421 955 428 ·
983 379 1026 450 ao
1054 345 1060 358 ’
1120 391 1122 396 ’

18 535 20 540 ·
44 511 210 580 Caninio
239 512 443 596 eonsnlihua,
474 509 623 577 dedicato
648 511 765 578 Martis
794 515 929 604 templo,
958 510 1025 580 ani·

42 621 141 664 mos
168 597 348 685 oeulosque
374 595 498 686 populi
521 596 664 663 Romani
696 598 896 699 repleverat,
929 597 1025 664 foeda

45 681 160 747 dieto
185 680 404 768 memoriaque
431 681 594 745 horrenda
624 680 660 744 in
688 680 794 770 ipsrns
824 682 921 748 domo
946 691 1025 748 tem·
1065 749 1071 756 ,

43 777 182 854 postas
199 764 322 854 erupit.
365 765 500 853 Quippe
526 765 595 829 fitia
623 764 695 836 eins
719 765 816 849 Iulia,
837 769 891 831 ‘er
916 763 1025 834 omnia

46 849 153 914 tanti
190 849 337 938 parentis
376 872 415 913 ae
449 845 512 914 viri
557 847 746 932 immemor,
787 851 820 914 n‘
846 851 893 933 il,
910 848 1025 951 ,qnod

44 934 179 998 faeere
195 946 251 999 aut
296 931 341 998 ati
357 931 502 1022 turpiter
520 943 635 1020 posset
656 930 789 1015 femina,
811 934 939 998 luxuria
956 933 1023 1018 [ae]
1074 995 1078 1006 ,

43 1016 209 1084 libidine
237 957 398 1082 iniectum
424 1015 580 1104 reliquit,
608 1016 933 1104 magnitudinemque
962 1016 1026 1080 for·

44 1113 168 1168 tunae
190 1124 268 1166 suae
288 1099 449 1190 peeeandi
469 1100 602 1166 lieentia
630 1101 837 1184 metiebatur,
859 1098 1026 1188 quiequid

47 1184 209 1284 liheret,
229 1207 291 1274 pro
319 1183 412 1250 licito
438 1183 623 1250 vindicans.
677 1185 766 1286 Tum
798 1183 894 1249 Iulus
911 1184 1026 1285 ‚Mt

52 1268 768 1442 21¹3thiihiiiiiifiss'iihssiiiii'ii
788 1266 961 1437 5⁸03th
978 1291 1027 1416 tt:

55 1448 122 1503 tor
140 1435 225 1520 tuit,
248 1461 361 1526 quem,
381 1437 468 1502 vieto
490 1437 562 1503 eius
589 1449 699 1524 patre,
724 1461 792 1501 non
823 1447 949 1501 tantum
977 1435 1027 1500 in·

58 1520 258 1588 columitate
287 1521 481 1604 donaverat,
518 1521 579 1586 sed
615 1513 824 1602 saeerhotio,
861 1529 1026 1606 praetura,

62 1605 257 1689 consulatu,
275 1603 456 1694 provinciis
476 1605 682 1686 honeratam,
704 1602 801 1668 etiam
821 1602 1027 1668 matrimonio

63 1689 196 1754 sororis
218 1711 295 1754 snae
315 1685 403 1753 filiae
423 1687 475 1753 in.
490 1688 686 1752 artissimam
714 1687 777 1752 adh
803 1685 914 1751 'tatem
940 1709 1028 1751 reee-

60 1783 172 1862 perat.
217 1772 443 1862 Quintinsqne
465 1770 653 1859 Crispinus,
686 1771 764 1858 sing
800 1769 888 1835 arem
913 1767 1028 1918 nephi·

62 1857 147 1922 tiam
175 1856 353 1945 supercilio
380 1855 467 1922 trnei
516 1866 682 1942 retegens,
711 1865 745 1918 et
772 1853 903 1956 Appius
932 1853 1029 1954 qan-

68 1940 161 2022 dias,-
183 1952 216 2006 et
237 1940 453 2040 Sempronius
507 1941 656 2022 raeehus,
687 1961 725 2004 ae
747 1937 875 2039 Spipro,
905 1937 1029 2026 aluque
1147 1939 1150 1946 ’

67 2022 208 2087 minoris
229 2048 373 2090 nommrs
393 2023 564 2112 utriusque
592 2022 718 2090 ordinis
745 2047 821 2106 rrrr,
850 2046 946 2110 quas,
974 2045 1028 2088 eu·

67 2103 207 2172 inslihet
235 2129 341 2170 uxore
364 2107 503 2188 violata,
531 2131 655 2195 poenas
682 2129 725 2192 pe
750 2105 939 2188 endissent,
998 2127 1029 2170 e·

67 2189 236 2278 pendere,
264 2213 339 2254 eum
367 2189 517 2254 Caesaris
551 2189 652 2254 filiam
677 2199 711 2253 et
771 2187 882 2252 eronis
911 2187 966 2254 rio
980 2211 1050 2262 as·‚

67 2285 145 2340 sent
165 2271 352 2358 coniugem.
393 2272 479 2338 Iulia
498 2272 641 2360 relegata
661 2272 697 2336 in
718 2270 873 2355 insulam,
894 2271 1047 2359 patriae·-

70 2380 137 2446 qne
167 2368 200 2421 et
230 2366 401 2446 parentum
431 2356 593 2442 suhdneta
627 2354 751 2438 oeulis,
789 2379 887 2443 quam
921 2355 1049 2422 umen*

70 2441 224 2520 eomitata
257 2451 362 2518 mater
398 2439 572 2506 Serihonia
606 2437 790 2508 voluntaria
827 2438 919 2506 exilii
956 2461 1042 2530 perr

68 2525 191 2592 mansit
211 2549 334 2591 eomes.
699 2563 701 2572 =
999 2571 1002 2576 ι

155 2609 214 2674 CI.
236 2609 341 2675 Breve
362 2609 403 2673 ah
422 2609 487 2674 hoe
513 2606 743 2674 intercesserat
756 2606 927 2695 ‘spatinrm
956 2619 1031 2674 eu'm

70 2691 112 2760 C.
135 2693 269 2776 Caesar,
292 2704 366 2759 ante
388 2692 462 2758 eliis
491 2691 672 2782 provinciis
698 2691 742 2758 ad·
760 2692 934 2759 visendum
961 2691 1031 2758 ohi-

70 2777 129 2858 tis,
148 2778 185 2841 in
206 2775 334 2864 Syriam
355 2777 490 2861 missus,
513 2787 674 2844 convento
695 2776 868 2866 prins-Ti.
882 2775 1030 2858 Nerone,

71 2861 126 2927 eni
153 2883 282 2925 omnem
307 2863 478 2943 honorem,
507 2871 545 2928 ut
584 2862 763 2949 superiori,
800 2860 935 2945 hahuit,
960 2871 1032 2926 nm

70 2943 159 3010 varie
182 2967 219 3008 se
239 2943 288 3008 ihi
308 2944 424 3030 gessit,
446 2955 484 3008 nt
504 2965 567 3010 nee
585 2945 798 3030 laudaturum,
810 2967 942 3032 magna,
969 2965 1032 3010 nee

53 3027 327 3117 ¹vituperatorem
361 3025 535 3093 mediocris
571 3027 704 3092 materia
751 3025 892 3092 deheiat.
947 3025 1032 3092 Cum

71 3136 106 3178 re
124 3135 148 3176 e
182 3111 406 3195 Parthorum,
443 3109 575 3176 invene‘
599 3109 840 3175 excelsissimae
895 3109 1031 3194 indolis,

72 3135 130 3285 ini
150 3194 272 3278 insula,
301 3216 399 3283 quam
425 3193 530 3260 amnis
557 3192 742 3281 Euphrates
777 3193 883 3268 amhie
926 3204 955 3278 t,
973 3207 1033 3260 ae·

18 3285 19 3288 ’
75 3289 171 3366 rlrrato
194 3278 367 3366 utriusque
388 3279 491 3364 partis
513 3287 663 3358 numero,
694 3277 784 3342 eoiit.
830 3278 932 3361 Quod
959 3301 1033 3378 spe·

74 3363 234 3448 ctaeulum
254 3362 388 3428 stantis·
402 3361 613 3444 ex'diverso‚
646 3362 724 3426 hine
751 3360 906 3444 Romani,
939 3361 1033 3430 ilhne

74 3446 268 3511 Parthorum
291 3445 468 3530 exereitus,
485 3457 566 3520 ‘eum
586 3447 651 3511 duo
673 3445 759 3510 inter
786 3453 823 3510 s'e
845 3445 1032 3512 eminentis·

75 3529 153 3594 sima
174 3527 388 3618 imperiorum
410 3529 633 3598 othoninum
655 3529 781 3596 eoireut
807 3530 927 3625 eapite,
958 3553 1032 3622 per·
1086 3537 1095 3549 '
