2420 4280
100 421 291 491 nrsros.
315 421 428 489 nom.
453 418 541 508 mn.
566 421 612 496 11.
636 421 740 488 csr.
766 397 933 491 fluns
977 426 1019 494 oa

1 593 6 630 ι
55 541 191 625 luisset.
213 559 343 646 ltaque,
360 568 396 621 ut
417 554 618 644 praesidium
635 555 800 637 ultimum,
810 579 864 624 res
910 559 1017 626 ubliea

1 677 8 718 r
45 645 98 708 *ab
124 644 282 730 Arrposto
312 641 426 707 ducem
457 639 490 706 in
513 640 636 706 bellurn
649 643 820 730 poposcit
832 643 874 706 T'
937 645 1014 710 ἀοι.

6 764 9 779 ·
53 728 185 794 Habuit
219 727 253 790 in
282 727 345 790 boo
378 747 516 824 quoque¹
537 723 626 790 bello
662 725 869 792 mediocritas
904 740 1016 795 nostra

54 810 202 899 speciosi
241 809 417 874 minister-ri
445 810 565 874 locum.
622 808 732 874 Finita
760 811 905 898 equestri
934 813 1016 878 mili·
1047 827 1052 835 '

53 899 101 961 tia
120 896 330 979 *designatus
360 903 535 981 quaestor,
572 893 712 960 necdum
738 906 870 960 senator
895 919 933 962 ae
958 921 1011 962 ua·

54 993 109 1065 tus
131 977 357 1068 senatoribus,
383 979 481 1043 etiam
511 976 692 1064 designatis
722 979 862 1046 tribunis
890 921 1014 1068 ptibei,

52 1075 182 1152 partam
216 1061 380 1130 exercitus
414 1060 454 1148 ab
489 1061 590 1144 urbe,
628 1060 741 1128 traditi
767 1063 808 1127 ab
843 1064 1013 1151 Angusto,

52 1145 197 1236 perduxi
219 1144 385 1210 altilium
407 1144 491 1208 eius.
535 1143 575 1210 lu
606 1159 782 1233 quaestura
810 1147 942 1232 deinde,
964 1171 1014 1213 re·

52 1229 156 1296 missa
186 1239 273 1293 sorte
301 1227 507 1316 provineiae,
536 1229 663 1319 legatus
691 1230 838 1296 eiusdem
866 1231 906 1295 ad
936 1254 1013 1298 eun·

12 1321 17 1332 ”
53 1315 131 1379 dem
152 1312 287 1395 missus,
310 1335 391 1400 quas
414 1336 474 1379 nos
496 1313 603 1400 primo
633 1336 719 1378 anno
751 1313 838 1380 acies
867 1316 1012 1390 bostium

6 1472 8 1481 y
53 1397 224 1463 ludimusl
250 1397 380 1485 quantis
398 1396 573 1484 prudentia
595 1395 688 1464 ducis
710 1399 1011 1486 opportunitatibus

54 1485 201 1548 fruentes
230 1505 343 1548 eorum
371 1481 456 1548 virus
484 1480 653 1546 universas
680 1483 889 1548 exhausimus
915 1483 1012 1570 parti·

54 1567 150 1631 bns!-
169 1577 291 1653 quanto
321 1589 395 1629 eum
423 1575 678 1653 temperamento
708 1564 928 1652 simplicitatis
956 1589 1011 1634 res

52 1651 246 1717 anctoritate
267 1649 472 1736 imperatoris
493 1646 730 1736 spiridionis!
754 1671 819 1737 qua
840 1649 1011 1737 providen-

56 1735 98 1799 tia
120 1736 256 1800 hiberna
278 1734 439 1834 disposita
461 1733 557 1798 santi
589 1744 711 1819 quanto
740 1756 839 1821 opere
860 1733 1009 1800 inclusus

2 1851 3 1858 κ
53 1818 213 1883 custodiis
235 1829 398 1882 exereitus
420 1816 538 1898 nostri,
551 1839 593 1881 ne
612 1841 676 1904 qua
690 1829 804 1906 posset
825 1841 1008 1905 erumpere,

53 1905 217 2051 'inopsqnp
237 1902 405 1990 copiarum
413 1912 460 2049 ppt
481 1901 566 1966 intra
586 1925 622 1966 se
638 1902 751 1969 furens
767 1899 1007 1988 viribus·[suis]

64 2006 113 2050 ros
130 2011 158 2050 rs
179 2011 250 2050 ean
278 2009 411 2052 ueseere
899 2023 902 2030 ·

139 2011 361 2136 CXll.ffl'⁴¹elix
383 2080 514 2147 eventu,
532 2069 616 2150 forte
633 2079 765 2151 conatu,
780 2070 885 2156 prima
907 2083 1007 2138 aesta·

3 2203 6 2238 ,
55 2165 86 2218 te
113 2152 213 2231 belli,
248 2153 419 2218 Messalini
449 2152 783 2240 opusmanrlantlum
811 2165 861 2218 est
889 2179 1007 2219 memo-

55 2237 132 2302 riae.
179 2235 248 2319 Qui
269 2237 320 2301 vir
341 2237 450 2299 animo
473 2235 582 2317 etiam,
604 2257 703 2321 quam
726 2247 836 2320 gente,
850 2237 1005 2321 nobilior,

2 2369 5 2403 ,
54 2321 376 2407 dignissimus[que,]
395 2318 451 2406 qui
473 2329 509 2384 et
557 2330 658 2382 atrem
678 2317 857 2386 Corvinum
878 2321 1007 2388 babuis-
1206 2375 1207 2382 ,

55 2417 116 2489 set,
150 2415 183 2468 et
206 2423 389 2492 cognomen
418 2423 515 2470 suum
533 2343 651 2466 ilottae
678 2402 771 2468 fratri
793 2402 1005 2492 relinqueret,
1091 2417 1094 2424 ’
1206 2397 1207 2416 ’

57 2489 260 2576 praepositus
282 2487 434 2575 lllyrieo,
446 2485 552 2554 subite
566 2485 748 2554 rebellione
761 2510 834 2552 enm
856 2489 1006 2592 semiple-

56 2599 95 2638 ua
117 2573 247 2658 legione
268 2572 422 2640 vieosima
441 2571 674 2652 circumdatus,
692 2569 822 2634 bostilis
841 2587 1007 2644 exereitus
1135 2591 1141 2598 “

55 2657 193 2744 amplius
226 2656 343 2744 uiginti
378 2657 469 2721 milia
503 2654 590 2722 fudit
618 2655 824 2742 fugavitque,
854 2667 887 2722 ot
905 2659 948 2722 ob
970 2659 1008 2729 iu

54 2740 251 2806 ornamentis
272 2740 522 2828 triumplialibus
544 2740 722 2808 honoratus
754 2750 815 2820 est.
859 2740 908 2805 lta
936 2743 1002 2830 pla·

55 2826 146 2890 cebet
173 2825 318 2890 barbaris
346 2847 500 2892 numerus
530 2847 630 2906 suus,
661 2834 791 2912 sumpta
817 2824 936 2892 lidueia
958 2827 1002 2891 vi·
1037 2907 1040 2911 .

54 2909 150 2990 rium,
175 2918 224 2990 nt,
246 2909 435 2994 ubieunque
457 2908 578 2972 Caesar
599 2919 707 2992 esset,
738 2907 823 2972 nibil
842 2909 876 2972 in
898 2934 934 2975 se
954 2935 1003 2977 re·

76 3004 222 3056 onerent.
272 2993 355 3056 Pars
388 2991 550 3054 exereitus
580 3014 711 3074 eorum,
740 2989 909 3078 proposita
936 2994 1002 3082 ipsi
1067 3001 1070 3008 '

56 3017 148 3159 inei,
176 3086 210 3140 et
237 3076 279 3140 ad
300 3073 474 3139 arbitrium
503 3071 742 3160 utilitatemque
772 3085 917 3142 nostram
938 3102 1001 3142 ma·

56 3171 170 3241 aerata,
193 3159 415 3248 perduetaque
436 3159 479 3223 ad
501 3156 700 3226 exitiabilem
729 3159 859 3243 samem,
886 3183 1001 3248 neque

57 3245 209 3309 instantes
232 3245 407 3326 sustinere,
429 3262 537 3330 neque
559 3265 634 3308 euru
655 3241 851 3309 facientibus
874 3246 1001 3332 copiam

56 3329 238 3417 pugnandi,
276 3328 560 3416 diripentibnsque
593 3325 696 3392 aciem
725 3349 804 3390 ausa
832 3330 1000 3414 congredi,
1126 3337 1130 3342 ’

57 3411 551 3598 austronotius
567 3411 813 3560 sititor
830 3412 998 3564 stoi·

277 3544 287 3580 ν
655 3547 661 3558 ’
915 3563 925 3570 -
990 3547 999 3581 a

57 3605 148 3670 quem
168 3581 213 3646 A.
237 3582 376 3688 Casama
399 3590 432 3646 et
451 3579 605 3685 Silvanus
631 3579 794 3724 Plautius5
813 3583 1000 3648 consulares
1100 3629 1105 3639 ι
