2420 4280
146 451 335 538 auron.
355 405 469 519 uon.
487 451 916 553 numeruntur,
962 455 1023 521 107

55 609 137 670 ero,
161 587 251 675 qnod
273 587 345 652 eius
366 588 484 652 honori
507 599 668 656 sacratum
682 589 936 680 aNcapolitanis
959 601 1021 674 est,
1057 617 1061 625 ¹

55 671 225 774 processi-t
248 672 283 774 ip
313 672 537 821 Campaniam.
583 673 791 777 Quamquam
821 676 1022 777 5²¹¹¹011¹<3113⁵

54 755 312 839 imbecillitatis,
341 781 395 821 ure
422 767 583 845 nataeque
614 781 648 822 1n
680 758 822 824 detersus
858 782 1021 860 princepsa

54 838 256 908 valetudinis
286 852 449 904 senserat·
492 852 620 925 tamen,
651 841 819 908 obnitente
846 867 883 908 vt·
908 867 1020 926 anmu,

54 936 254 1025 prosecutus
284 924 400 1008 fitium,
432 887 668 1014 digressusque
695 927 735 990 ab
758 949 796 991 en
826 926 1020 1010 Beneventi,

21 1083 27 1096 ⁴
55 1031 130 1097 rpse
152 1007 272 1074 Nolam
293 1009 416 1096 petiitr
439 1019 485 1090 at,
506 1007 751 1096 ingravescente
782 1010 817 1074 in
841 1011 912 1075 dies
936 1011 1022 1075 vale·

54 1091 187 1175 tudine,
210 1093 283 1156 'eum
306 1093 417 1175 sciret,
448 1092 536 1179 quis,
564 1094 688 1170 velanti
711 1094 918 1182 omnia-pest
938 1090 1019 1183 [se]

55 1178 148 1242 salva
170 1199 349 1257 remanere,
379 1177 602 1240 accersendus
629 1179 724 1260 foret,
754 1177 946 1242 festinanter
972 1199 1021 1242 re·-

55 1259 192 1326 vocavi't'
207 1259 323 1326 filium.
367 1259 429 1324 Ille
457 1261 505 1323 ad·
526 1273 653 1348 patrem
681 1261 804 1350 patriae
832 1272 1019 1351 exspectato
1046 1336 1051 1340 ,

54 1342 225 1424 ειενοίεινὶῑΙ
252 1343 422 1407 maturius.
481 1343 569 1409 Tum
599 1367 748 1410 securum
777 1368 813 1410 se
843 1347 1018 1446 Augustus

56 1428 264 1516 praedicam,
282 1427 566 1517 circumfususque
582 1430 792 1530 amplexibus·
804 1429 933 1495 Tihcrri
954 1429 1018 1512 sui,

55 1510 289 1578 commendans
313 1511 363 1576 itti
386 1536 450 1576 sua
465 1523 563 1600 atque
587 1516 693 1600 ipsr'ns
717 1537 832 1600 opera,
844 1537 915 1578 nee-
929 1513 1019 1600 quic*

55 1599 156 1685 quam
171 1595 250 1659 'iam
276 1594 316 1658 de
344 1596 428 1679 tine,
466 1595 496 1660 si
523 1597 590 1660 fata
624 1607 819 1684 poscerent,
847 1619 1018 1678 recusans,

56 1680 266 1748 subrct'cctus
286 1679 394 1767 primo
415 1690 594 1769 conspectu
615 1680 827 1768 alloquioque
856 1679 1018 1745 carissimi
1040 1747 1051 1758 ,

55 1765 129 1830 sibi
145 1763 296 1864 spiritus,
319 1787 408 1846 mox,
432 1787 507 1828 eum
528 1787 657 1828 omnem
679 1788 788 1828 curam
818 1765 888 1834 seta
910 1764 1017 1829 vinee·

54 1859 142 1931 rent,
165 1873 200 1911 tn
223 1872 281 1913 sua
302 1849 466 1912 resolutus
488 1847 594 1931 initia,
604 1847 765 1936 Pompeio
781 1847 1017 1938 Appuleioque
1083 1863 1085 1868 '

55 1931 261 2015 consulibus,
291 1931 532 2080 septuaqcsimo
562 1943 595 1998 ct
626 1946 720 1998 sextu
737 1937 847 2017 anuo,
878 1933 1015 1998 animam

12 2018 17 2024 ⁸
56 2017 232 2084 coelestem
252 2016 344 2080 coelo
365 2039 400 2080 re
426 2016 527 2082 didit..

142 2099 304 2164 CXXIV.
330 2100 428 2183 Quid
438 2113 516 2166 tnnc
537 2101 688 2166 liomiu'es
720 2102 908 2185 timuerint}
933 2121 1016 2188 quae

57 2195 191 2250 senatus
211 2184 401 2270 trepidatio,
426 2207 509 2270 qnae
531 2186 647 2272 populi
670 2187 834 2270 confusio,
862 2185 937 2272 quis
966 2209 1016 2248 nr·

18 2277 22 2290 ’
56 2268 115 2334 bis*
139 2278 264 2349 metus,
292 2266 327 2331 in
358 2291 457 2354 qnam
489 2279 558 2332 arto
590 2267 704 2332 salutis
734 2269 899 2356 exitiique*
921 2267 1016 2331 fueri-

58 2377 130 2418 mus
153 2351 307 2433 confinio,
322 2373 436 2452 neque
451 2351 538 2415 mihi
552 2362 618 2415 tarn
641 2352 808 2415 festinanti
833 2351 1015 2440 exprimere
1120 2415 1122 2425 Α

58 2446 162 2519 vacat,
190 2459 310 2524 neque,
339 2449 393 2499 cnr
425 2444 531 2516 vacat,
560 2445 680 2524 potest.
732 2435 772 2498 Id
801 2435 907 2499 solum
935 2459 1015 2502 voce

60 2520 196 2609 publiea
212 2520 336 2584 dixisse
361 2515 486 2608 [satis]
507 2518 630 2582 habeo:
660 2518 753 2583 cuins
776 2520 866 2584 erbis
888 2519 1015 2584 ruinam
1133 2575 1140 2582 .

60 2605 279 2683 timueramus,
301 2625 374 2667 enm
394 2625 436 2666 nc
459 2613 656 2668 commotum
679 2601 812 2703 quidem
832 2603 1015 2686 sensimns3

61 2698 211 2774 tantaque
246 2688 357 2750 unius·
377 2686 439 2751 viri
468 2686 620 2752 maiestas
651 2687 733 2769 furt,
772 2698 809 2750 ut
836 2688 1014 2752 nec-bonis
1059 2725 1067 2748 ·,

59 2783 168 2836 <tonna
189 2770 291 2835 malos
315 2793 398 2858 opus
421 2770 519 2834 armis
542 2772 636 2836 foret.
682 2770 756 2834 Una
777 2783 891 2836 tamen*
912 2770 1014 2836 veluti
1085 2846 1089 2850 .

59 2855 192 2922 luctatio
215 2855 321 2919 civilis
353 2854 419 2918 tuit·
447 2855 626 2942 pugnantis
656 2877 740 2918 eum·
758 2853 904 2920 Caesare
924 2877 1013 2918 sena·

61 2953 111 3003 tus
132 2937 490 3026 populique-Roman
514 2950 556 3002 nt²
572 2938 706 3004 stationi
727 2950 881 3026 paternae
904 2961 1013 3003 sucee-

60 3024 174 3086 deret:
190 3021 295 3104 iltius,
316 3031 353 3085 ut
374 3021 492 3107 potius¹
510 3022 677 3108 aequalem
692 3021 808 3104 civem,
826 3045 923 3108 quam
937 3021 1013 3086 erni·
1092 3073 1094 3078 .

59 3117 190 3178 nentem·
207 3097 448 3192 liceretagere
479 3104 677 3193 principem.
729 3105 878 3169 Tandem
908 3105 1043 3191 magis·

58 3189 198 3274 ratione,
229 3212 325 3275 quam
352 3189 476 3252 lionore
504 3188 609 3253 victus
640 3197 703 3270 est',
738 3211 825 3270 eum,
855 3189 1013 3277 quicquid

59 3274 215 3340 tuendum
233 3295 300 3337 uon
321 3272 536 3360 suscepisset,
556 3271 739 3359 periturum
760 3272 913 3338 videreta·
936 3273 1012 3338 soli-

61 3381 122 3448 que
142 3358 219 3423 huic
241 3356 392 3443 contigit,
425 3379 528 3443 paene
558 3355 682 3420 diutius
713 3379 865 3422 recusare
892 3356 1013 3458 princi·

59 3452 181 3532 patum,
210 3465 320 3530 qnam,
346 3450 384 3504 ut
405 3450 602 3540 occuparent
622 3463 709 3522 eum,
739 3441 797 3506 alii
823 3465 924 3506 armis
953 3465 1012 3529 pu·

59 3537 242 3614 gnaverant.
292 3525 376 3590 Post
401 3524 564 3589 reddnum
592 3526 684 3589 coelo
712 3535 850 3612 patrem,
884 3536 922 3591 et
944 3551 1012 3592 cor·

60 3635 121 3699 pus
142 3610 212 3675 eius
234 3608 384 3674 humanis
405 3606 599 3694 honoribus,
627 3627 749 3674 numen
771 3609 890 3686 divinis
912 3610 1012 3676 hono·
