2420 4280
131 340 619 470 eunomiumne.
638 381 873 458 carnoso.
958 391 999 464 ⁷5

38 523 123 590 turis
151 534 185 590 et
212 521 390 602 maritimae
421 521 470 588 rei
508 521 661 611 perduxit
696 523 878 590 seientiam.
921 524 999 592 'Hac

39 609 151 676 classe
173 606 306 690 Cacsar,
329 604 528 694 cum'prius,
552 606 776 694 despondente
798 609 829 684 ei
851 607 999 691 Nerone,

38 693 97 758 cui
119 703 194 768 ante
215 701 318 792 nupta
346 691 465 774 luerat,
499 689 641 773 Liviam,
670 691 844 778 auspicatis
872 693 921 758 rei
942 716 1000 779 pu·

37 777 147 845 blicae
169 775 334 840 omiurbus
355 773 505 839 duxisset
525 797 595 839 eam
610 797 758 858 uxorem,
775 775 936 864 Pompeio
950 775 1000 844 Si·

38 859 203 948 eiliaeq'ue
223 859 356 924 bellum.
376 857 500 924 intrdit.
545 857 613 922 Sed
639 857 745 924 virum
772 860 911 925 hamana
937 883 1000 960 ope

36 945 213 1026 invictum,
244 940 386 1029 graviter
411 965 451 1006 eo
481 943 629 1028 'tempore
659 943 790 1008 fortuna
819 955 998 1010 concussit.

40 1028 135 1115 ¹Qnip
162 1027 300 1112 elonga
328 1024 483 1090 maiorem
513 1031 638 1112 partem
664 1025 794 1108 classis,
823 1026 909 1095 circa
930 1027 1000 1092 'Vc-

37 1112 120 1176 liam
173 1109 360 1210 alinurique
380 1108 653 1209 promontorium,
686 1110 869 1176 adortavis
891 1110 1001 1174 Ali-ici

38 1194 198 1259 laceravit
218 1217 256 1258 ac
279 1192 417 1258 darunt
462 1191 511 1258 Ea
533 1193 691 1280 patrando
712 1193 800 1258 laelio
813 1217 901 1258 mora
923 1193 999 1272 fuit,

42 1275 135 1365 quod
163 1287 279 1364 posteo
307 1276 425 1360 dubia,
455 1287 487 1342 et
515 1275 677 1345 interdum
707 1278 780 1342 auci
807 1276 844 1343 iti
872 1273 1000 1351 lortuun

38 1371 171 1447 gestam
201 1372 263 1425 est.
313 1360 398 1426 Nam
429 1372 461 1424 et
489 1361 604 1426 classis
632 1361 746 1428 eodem
774 1301 849 1429 lieo
886 1372 1000 1428 vexata

41 1445 95 1508 est
123 1455 187 1508 tem
214 1455 328 1524 estate,
357 1455 402 1528 et,
431 1455 468 1508 ut
486 1445 727 1532 navali.primo
760 1446 884 1533 proelio
913 1444 1001 1532 apud

41 1528 152 1614 Mylas
184 1539 276 1614 ¹rictu
298 1527 468 1615 Agrippae
514 1538 672 1614 agnatum
694 1551 864 1615 prospere,
886 1527 1001 1592 itatiu-

41 1612 178 1700 upiunto
202 1611 452 1712 [Pompeianae]
476 1553 593 1676 classis
626 1610 767 1676 adventu
799 1609 908 1697 gravis
939 1610 1000 1676 sub
1063 1633 1068 1640 ¹

39 1695 151 1844 ipsius
173 1695 324 1761 Caesaris
347 1695 452 1760 oculis
472 1695 558 1760 circa
579 1693 837 1760 Tauromenium
867 1704 1000 1782 accepta

41 1779 171 1844 cadesa
206 1789 314 1868 neque
340 1779 382 1844 ab
410 1778 484 1866 ipso
505 1776 687 1880 periculum
717 1778 833 1843 abluit.
884 1778 1002 1865 Legio·

41 1887 127 1945 nes‚1
146 1887 230 1964 quac
257 1889 332 1929 cum
359 1862 537 1929 Cornificio
564 1871 668 1935 eraut,
699 1861 1000 1949 legato‘Caesaris‚

41 1943 213 2032 exposrta'e
241 1947 277 2014 in
304 1960 412 2030 terra,
473 1971 553 2016 aene
581 1971 608 2012 a·
625 1947 786 2034 Pompeio
823 1970 1002 2035 oppressae

42 2039 134 2096 suut.
178 2029 245 2096 Sed
266 2031 340 2096 anci
367 2032 422 2096 itis
442 1971 574 2098 lituum
603 2031 914 2119 temporistnatura
940 2030 1002 2105 vir·
1074 2053 1081 2064 ·

45 2124 292 2180 tutecorrecta.
337 2056 521 2200 Explicatis
544 2114 669 2201 quippe
702 2115 874 2199 utriusque
899 2115 1002 2201 partis

43 2195 234 2277 classibus,-
250 2219 354 2282 paene
378 2197 529 2260 omnibns
549 2207 669 2274 erutus
695 2196 835 2260 navibus
862 2197 1014 2284 Pompe‘

44 2279 236 2348 ius'A'sium
256 2280 337 2378 lupa
357 2278 488 2366 petivit,
510 2278 605 2344 iussu
629 2302 670 2347 ue
690 2277 738 2344 M.
763 2279 917 2360 Antonii,
947 2283 1027 2368 *cus

45 2367 98 2432 ius
120 2388 140 2428 o
164 2388 223 2431 em
236 2373 388 2450 petierat,
407 2362 484 2428 dum
505 2361 592 2426 inter
606 2301 728 2427 ducem
757 2374 792 2426 et
819 2362 1001 2450 supplicem

44 2389 271 2531 tumulluatun,
295 2460 328 2512 ct
347 2470 437 2512 nunc
458 2445 651 2530 dignitatem
677 2445 810 2526 retinet,
839 2471 942 2536 nunc*
957 2447 1002 2513 vi·

45 2547 112 2601 tam
132 2543 338 2621 precatunea
359 2531 451 2596 Titio
479 2529 736 2616 iugulatus-est.
781 2529 845 2594 Cui
871 2531 906 2594 in
934 2542 1001 2598 tan·

45 2629 116 2686 tum
145 2615 272 2693 duravit
303 2616 365 2680 lroc
391 2615 536 2686 facinore
565 2625 766 2681 contractum
797 2614 929 2696 odium,
966 2627 1002 2683 ut

46 2723 133 2781 mox,
149 2700 246 2766 ludos
261 2699 295 2764 iu
308 2699 433 2764 theatro
453 2697 609 2786 Pompeii
624 2698 761 2781 faciens,
778 2699 1001 2772 exsecratione

45 2783 390 2930 poprupixspxectaculo‚
419 2779 523 2872 [quod
561 2782 757 2870 praebebat·
771 2782 957 2870 pelleretur.

265 2912 274 2929 .
304 2866 491 2948 acciverat,
522 2881 640 2954 gerens
667 2878 781 2934 contra
804 2867 1001 2954 Pompeium
1073 2923 1075 2932 .

47 2948 181 3030 bellum,
204 2971 244 3012 ex
265 2948 521 3024 AluicaCaesar
541 2950 704 3048 Lepidum
732 2974 806 3016 cum
827 2951 1000 3017 duodecim
1119 2968 1123 2976 ·

47 3028 276 3120 semiplenisl
320 3031 472 3102 ionibus„
513 3031 579 3096 Hic
606 3057 656 3100 vu
683 3033 829 3099 omnium
864 3032 1001 3100 vanissi-

47 3141 131 3200 mus,
153 3135 262 3204 neque
278 3055 351 3180 ellla
371 3115 492 3182 virtute
520 3125 586 3178 tam
612 3116 746 3202 longam
776 3118 925 3187 fortunae
953 3118 1000 3182 iu·

48 3201 248 3287 dulgentiam
268 3200 416 3282 meritus,
439 3198 616 3275 exercitum
636 3198 816 3289 Pompeii‚·
830 3200 907 3288 quia
926 3224 1001 3289 pro·

49 3285 121 3375 pior
148 3285 266 3368 fuerat,
297 3294 488 3372 sequentem
513 3306 582 3347 nou
608 3282 728 3372 ipsius,
764 3284 824 3350 scd
850 3284 1000 3352 Caesaris

48 3367 269 3435 auctoritatem
297 3392 335 3433 ac
364 3367 474 3451 fidem,
508 3365 573 3433 sibi
600 3367 749 3434 iunxerat
755 3381 783 3451 ‚'
803 3367 1000 3458 inflatusque

47 3451 185 3539 amplius
217 3451 336 3539 viginti
361 3450 531 3538 legionum
565 3475 717 3529 numero,
746 3452 781 3516 in
811 3452 846 3518 id
880 3455 999 3522 luroris
1123 3503 1126 3508 -

50 3547 263 3627 processerat,
292 3549 328 3603 ut
360 3535 488 3603 irrutilis
529 3534 653 3620 alienae
687 3536 842 3670 vietpriae
877 3541 998 3622 comes,

767 3645 778 3682 ,
833 3647 835 3654 Α
874 3653 878 3662 .
