2420 4280
108 344 112 352 ’
154 371 344 440 ursron.
362 355 922 442 noumouaoanrasno.
968 317 1028 442 iu

69 505 197 608 quiM.
221 506 336 572 Tadio
358 516 484 574 tantum
507 507 663 591 tribucre,
692 518 729 572 ut
750 531 855 596 paene
882 510 1029 576 adsenta-

70 604 160 658 tione
183 617 254 672 sna,
284 591 408 678 quibus'
433 592 544 672 vellet,
573 591 792 680 principatum
820 595 1028 678 conciliaret,
1054 669 1060 682 k

70 677 197 764 quique
218 675 304 741 uiuit·
322 675 444 740 Asinio
463 676 610 740 Pollioni
630 690 844 763 negaverunt,
864 680 954 767 quod
973 703 1030 744 no·

70 760 242 825 bilissimis
265 777 391 824 summo
415 784 489 825 cum
502 760 621 825 sudore
638 764 906 849 consequendum
922 765 1027 828 foret:

69 847 219 933 profecto
241 845 303 908 hoc
326 855 511 928 senserunt,
534 844 568 908 in
590 844 814 933 cuiuscunque
837 848 944 912 animo
967 847 1029 913 vir·
1117 877 1129 898 -·

71 942 126 994 tus
145 929 283 1012 inesset,
310 928 342 992 ei
362 927 538 1014 plurimum
565 953 637 992 csse
664 930 885 995 tribuendum.
936 931 1030 996 Hace

68 1013 226 1078 naturalis
256 1012 398 1100 exempli
431 1011 569 1076 imitatio
598 1013 655 1094 ad,
674 1013 909 1102 experiendum
939 1015 1029 1081 Seia·

71 1121 162 1178 uum,
185 1095 371 1176 Caesarem,
394 1095 596 1161 adiuvanda
617 1119 695 1161 vcro
725 1121 822 1186 opera
851 1098 1028 1186 principis,

69 1181 227 1247 Seianum
249 1205 307 1269 per
332 1179 412 1265 ulia,
436 1191 649 1268 senatumque
671 1193 704 1246 ct
725 1180 884 1270 populum
910 1182 1029 1249 Roma·

25 1325 38 1334 .
69 1290 148 1330 num
172 1289 210 1329 eo
232 1205 398 1351 perdimit,
423 1275 470 1346 ut,
494 1265 586 1352 q'uod
605 1290 667 1330 usu
683 1267 843 1354 optimum
860 1266 1028 1354 intelligit,

69 1352 106 1414 id
128 1350 320 1412 intutelam
341 1349 524 1414 securitatis
547 1373 625 1414 suae
646 1349 788 1416 libenter
809 1351 956 1416 advocet.

156 1433 318 1498 CXXIX.
341 1432 421 1515 Sed,
444 1435 615 1522 proposita
637 1435 735 1534 quasi
762 1435 913 1500 universa
941 1433 1030 1522 prin·

69 1517 198 1616 eipatus
221 1517 276 1581 Ti.
298 1516 447 1582 Caesaris
472 1519 618 1602 [forma,]
634 1519 765 1604 singula
784 1540 1027 1582 recenseamus.

69 1602 149 1686 Qua
179 1601 245 1666 dle
262 1601 436 1689 prudentia
465 1601 723 1688 Rhascupolim,
763 1601 1030 1690 interemptorem
1057 1603 1059 1606 ’
1126 1601 1129 1606 ’

71 1684 180 1749 fratris
202 1685 253 1749 sui
275 1685 336 1749 filii
357 1685 491 1772 Cotyis,
511 1686 741 1773 consertisque
761 1686 908 1750 ciusdem
929 1686 1030 1774 impc-

23 1769 28 1777 '
69 1768 124 1850 rii,
148 1768 287 1833 Romam
308 1771 477 1835 evocavit?
499 1769 658 1856 singulari
679 1772 713 1834 in
735 1793 774 1834 eo
797 1769 931 1858 negotio
949 1793 1029 1834 usus

70 1853 312 1941 operaFlacci
339 1853 530 1942 Pomponii,
559 1854 740 1934 consularis
769 1855 852 1938 viri,
889 1854 957 1918 nati
988 1853 1030 1916 ad

71 1936 193 2018 omnia,
218 1959 302 2024 quac
324 1949 412 2002 recte
436 1939 619 2024 [sentienti]
652 1939 800 2004 facienda
829 1950 917 2021 aunt,
954 1938 1029 2002 sim·

72 2021 219 2121 plicique
245 2021 366 2086 virtute
395 2022 550 2086 merentis
572 2045 720 2110 semper,
751 2025 950 2122 [nrm]q'uam
980 2045 1030 2086 ca·

71 2115 196 2192 ptantrs
217 2105 378 2192 gloriam?
422 2106 554 2189 Quanta
576 2129 649 2170 cum
672 2118 842 2192 grarrtate,
875 2118 912 2170 ut
939 2129 1031 2170 sena·
1070 2151 1073 2158 ι

71 2199 124 2254 tor
145 2199 178 2253 et
198 2188 310 2273 iudex,
333 2211 401 2253 non
422 2200 457 2253 ut
478 2190 646 2276 princeps,
679 2201 711 2253 et
738 2213 852 2264 causas
876 2188 1028 2276 'pressius
1052 2185 1060 2196 ’
1083 2257 1086 2266 ,

71 2271 179 2354 audit,
199 2275 313 2361 [quam
335 2273 448 2356 ceteri,
472 2285 504 2337 et
521 2269 670 2350 ¹sanetius
694 2273 887 2356 diiudicet]
910 2272 1029 2355 ‘Quam

71 2357 223 2422 celeriter
251 2357 414 2442 ingratum
442 2367 475 2422 ct
501 2377 585 2422 nova
607 2357 801 2420 ⁴molientem
837 2355 1028 2442 [Libonem]

72 2440 263 2527 oppressit?
320 2441 418 2506 uibus
440 2441 625 2530 praeceptis
646 2440 842 2506 instructum
864 2439 1031 2505 Germani·

71 2548 276 2604 eumenum,
298 2526 525 2613 imbutamque
546 2524 740 2589 rudimentis
762 2525 897 2590 miiitiae
920 2547 1032 2588 secum

71 2618 176 2686 actae,
199 2608 391 2673 domitorem
417 2610 543 2697 reecpit
564 2598 757 2674 Germaniae
767 2609 790 2672 ‘i'
821 2608 953 2693 Quibus
983 2607 1031 2671 iu-

72 2701 202 2758 ventam
231 2690 301 2756 eius
331 2695 543 2780 exaggeravit
575 2694 776 2776 bonoribus,
812 2691 1038 2780 respondente.

71 2775 165 2840 cultu
186 2775 340 2866 triumphi
360 2801 482 2861 rerum,
505 2801 587 2866 quas
609 2789 767 2864 gesserat,
781 2774 1032 2864 magnitudini?

28 2873 30 2877 ’
73 2857 236 2942 Quotiens
259 2862 420 2947 populum
441 2861 616 2949 congiariis
631 2860 815 2942 bonoravit,
830 2872 1031 2926 senatorum·

73 2966 139 3030 quc
161 2967 308 3026 censum,
337 2939 414 3008 edm
432 2945 467 3030 id
489 2957 605 3010 senatu
625 2957 757 3012 auctore
779 2947 886 3010 facere
910 2943 1031 3044 potuit,

73 3050 171 3114 quam
191 3027 332 3092 libenter
353 3027 510 3117 explevit,
533 3040 570 3094 ut
590 3053 702 3118 neque
725 3030 889 3095 luxuriam
917 3027 1033 3092 rnvita·
1058 3055 1060 3062 ·

11 3187 15 3195 .
71 3120 135 3194 ret,
156 3134 266 3199 neque
286 3113 456 3176 honestam
476 3110 700 3201 paupertatem
729 3124 895 3201 pateretur
926 3110 1032 3197 digui-

73 3205 140 3258 tate
174 3195 332 3260 destituit
384 3198 516 3281 Quanto
544 3222 619 3262 cum
651 3200 774 3262 bonore
803 3195 1032 3262 Germanicum

73 3280 228 3344 suumin
256 3282 487 3347 transmarinas
520 3282 612 3346 misit
648 3280 859 3372 provincias?
895 3280 971 3364 Qua
998 3278 1033 3346 vi

74 3361 286 3428 consiliorum
319 3389 473 3451 suornm,
518 3365 667 3431 ministro
692 3365 921 3466 etpediutore
952 3387 1033 3430 usus

74 3445 195 3511 Druso·
215 3445 285 3523 filio
315 3473 387 3534 suo,
416 3449 659 3516 Maroboduum
687 3449 909 3515 inhaerentem
938 3473 1032 3514 occu·

51 3543 52 3546 ’
73 3529 144 3618 pati
170 3532 264 3619 regni
287 3533 422 3616 finibus,
457 3535 745 3623 pacemaicstatis
772 3536 844 3602 eius
878 3533 1030 3616 dixerim,
